2644 4154
44 2399 137 2428 XL111.

506 205 732 274 Catena
754 206 1073 274 Historica.
1112 209 1548 278 LibXXXIX.
1590 209 1799 289 Cap-II.

16 324 17 345 z
34 298 318 367 an.1401qua'm
335 296 427 347 νόος
447 305 567 366 aequis
578 301 699 347 oculis
714 304 855 364 poterit
870 302 1037 351 intueri.
1073 302 1196 367 Sigis-
1250 302 1460 353 luntatem
1493 341 1506 362 ‚
1539 306 1654 354 vnde
1666 309 1812 352 omnis
1832 304 2024 353 mortalis
2037 305 2251 369 potestas]
2269 347 2278 351 Α

2053 236 2147 278 337

192 365 366 412 mundus
377 365 430 429 est
447 406 460 426 ,
485 370 568 442 ¹qui
580 375 629 413 de
636 378 753 431 patre
764 382 810 410 ac
823 365 937 411 domo
948 368 1195 432 vestrafittt
1245 374 1464 419 Caeterum
1474 371 1514 417 le
1523 369 1678 441 sponte
1692 370 1843 419 cedere
1855 408 1867 429 ‚
1878 378 1922 420 &
1934 376 2126 420 amicum
2137 409 2149 429 ‚
2162 378 2245 422 im-

184 431 342 496 fimper
351 436 494 497 optime
506 436 686 478 meritus:
699 428 822 476 huius
835 448 958 477 vxor
967 471 978 489 ,
993 438 1045 487 eff
1055 434 1193 496 socrus

194 495 324 562 ipsum
335 499 392 543 ita
405 498 540 562 opibus
559 494 789 541 extulerunt
822 534 835 555 ‚
870 511 935 542 vt
953 497 1060 543 alter
1080 497 1192 562 apud

195 569 418 611 Pannonas
432 569 522 609 Rex
533 559 602 623 effe
614 559 830 612 videretur,
842 565 1006 626 Regiam
1017 562 1191 609 dimitti-

193 641 231 673 te
241 628 505 691 Maiestatem
519 663 531 682 ,
562 639 633 688 pro
642 642 719 690 qua
725 640 838 690 pater
850 627 993 689 vester
1004 631 1191 675 animam

193 692 357 757 effudit,
368 695 574 742 Maternis
586 692 710 739 dietis
723 696 1021 751 vichiuuenes,
1036 692 1189 759 grauis-

193 760 300 808 fima
310 757 574 822 angebantur
584 776 682 805 cura
696 798 706 806 .
741 760 913 808 Postero
924 761 994 808 die
1006 766 1078 824 pia
1095 778 1189 807 ma-

193 843 256 873 ter
265 823 481 873 descendit
498 828 541 871 in
551 841 764 871 carcerem
798 861 812 882 ‚
843 826 880 871 se
892 830 1011 888 regijs
1024 828 1187 872 vietam

192 889 394 953 lacrymis
404 887 556 939 fatetur
568 910 577 936 ε
596 887 805 937 auxilium
816 889 941 937 offert
950 927 962 947 ,
976 891 1189 938 dummo-

189 955 250 1003 do
261 955 314 1002 de
328 954 520 1004 filiorum
537 953 711 1002 suorum
734 953 1034 1003 incolumitate
1055 955 1190 1007 fidere

189 1018 320 1084 poffit
328 1018 468 1069 secura
479 1060 488 1071 .
523 1020 595 1069 Ad
606 1018 695 1068 haec
707 1018 989 1084 Sigzsmundus
1000 1059 1013 1079 ‚
1046 1020 1191 1069 oblata

189 1085 263 1151 spe
275 1084 412 1135 salutis
423 1123 436 1143 ‚
449 1104 582 1150 quam
592 1102 713 1146 antea
724 1085 961 1151 desperarat
975 1124 989 1145 ,
1001 1086 1190 1150 expanfis

190 1151 372 1210 brachijs
382 1190 395 1210 ,
413 1153 467 1201 ad
476 1151 609 1216 pedes
617 1150 874 1215 prouolutus
885 1190 899 1210 ‚
914 1170 960 1201 vt
972 1157 1191 1201 Deiinter-

189 1223 397 1267 nunciam
422 1214 611 1281 agnoscit
619 1253 632 1275 ‚
642 1222 793 1265 omnia
803 1223 1022 1282 promittit
1031 1255 1044 1275 ,
1064 1222 1168 1266 iurat
1180 1244 1190 1277 3

189 1284 367 1332 tandem
377 1284 505 1348 Jnter
515 1294 729 1345 ‘utrumque
741 1285 921 1346 (inquit)
936 1282 1026 1343 teste
1040 1288 1191 1340 Deum,

188 1349 467 1408 hominumque
470 1344 559 1408 fide
576 1382 590 1403 ,
607 1348 691 1392 iam
697 1346 825 1406 faedus
832 1351 1004 1412 percutio
1016 1384 1028 1396 .
1064 1348 1093 1390 S
1097 1347 1191 1409 igis-

186 1413 364 1459 mundus
376 1409 515 1455 llberos
523 1422 611 1454 tuos
619 1411 661 1455 in
661 1410 821 1473 fratres
830 1413 1010 1477 adoptat,
1023 1418 1189 1477 adoptat

189 1491 226 1522 te
237 1492 392 1540 quoque
403 1477 446 1520 in
459 1487 627 1522 matrem
634 1477 927 1541 pienttffimam,
941 1481 993 1532 eff
1005 1477 1073 1523 hoc
1083 1480 1185 1523 iure-

185 1541 360 1589 iurando
372 1540 1032 1608 affirm0.Qicunq5initumfaedus
1040 1543 1185 1589 viola-

187 1610 258 1666 ric,
269 1624 347 1652 non
356 1604 469 1652 moda
482 1605 669 1652 lzbercate
683 1621 818 1653 careat
828 1645 840 1667 ‚
852 1608 999 1653 veluti
1009 1611 1187 1654 omnium

188 1688 343 1736 compos
353 1672 685 1737 miseriarumsed
696 1687 746 1718 vt
748 1672 851 1737 feda
856 1686 975 1742 porca
985 1672 1188 1737 diffecetur

189 1743 230 1784 in
230 1738 372 1802 frusta
382 1775 393 1787 .
428 1742 610 1787 Dextera
631 1738 813 1787 demum
835 1744 1031 1802 vtrinque
1067 1740 1162 1787 data
1175 1778 1188 1798 ,

187 1803 308 1864 fedus
322 1806 464 1852 idtum
488 1804 568 1851 est.
604 1808 745 1851 Mater
761 1823 864 1853 mox
876 1823 958 1868 pro
993 1810 1113 1869 Rege
1138 1804 1189 1853 li-

187 1869 397 1927 berandO,
409 1887 717 1917 commentum
729 1869 854 1934 fingit
866 1896 874 1928 3
888 1876 931 1918 in
943 1874 1190 1919 Morauiam

192 1935 471 1983 educendum
482 1952 527 1981 vt
538 1933 666 1982 tutius
686 1936 990 1984 custodiretur.
1030 1941 1062 1983 E
1097 1935 1190 1983 sen—

1243 453 1322 482 mo
1333 437 1511 484 affinem
1523 438 1562 483 ie
1576 436 1793 493 offerre,vt
1803 435 1963 485 viribus
1973 435 2050 484 fi1is
2063 436 2158 485 data
2170 458 2244 484 oc-

1242 499 1411 549 cafione
1425 518 1627 550 vreretur.
1663 506 1849 550 Gratum
1862 508 1992 550 etiam
2004 501 2081 550 fibi
2091 500 2199 559 fore,
2212 502 2242 552 fi

1242 566 1296 613 de
1309 564 1606 630 perduellibus
1619 568 1858 615 vindictam
1870 566 2055 615 sumeret
2065 607 2074 616 .

1303 636 1352 679 ln
1388 637 1655 680 Pannoniam
1688 632 1884 697 regressus
1920 630 2197 696 sigismundus
2225 669 2240 692 ,

1239 703 1437 759 quamuis
1449 715 1636 761 acceptae
1648 703 1808 748 iniuria:
1831 703 1981 746 animo
1999 696 2122 746 altius
2134 696 2242 746 inse-

1240 762 1404 818 derant,
1416 761 1680 811 dissimulato
1695 781 1839 812 tamen
1851 762 2002 811 dolore
2014 801 2026 820 ,
2039 763 2236 813 clemen-

1237 831 1345 874 tiam
1356 827 1542 890 praetulit
1563 866 1576 884 ,
1612 847 1666 876 ne
1678 847 1846 877 externa
1857 835 2023 878 inimici
2041 828 2236 894 despera-

1239 896 1357 939 tione
1369 899 1570 957 correpti,
1581 892 1744 956 aliquid
1754 894 2007 944 obstinatius
2024 896 2233 944 moliren-

1239 973 1326 1005 tur.
1362 961 1485 1006 Fassta
1498 964 1637 1023 itaque
1650 962 1865 1008 securitate
1900 998 1912 1016 ,
1949 966 1992 1008 in
2009 959 2237 1011 Sclauonia

1241 1041 1512 1072 conuentum
1531 1025 1684 1073 indicit
1705 1030 1748 1073 in
1767 1026 1941 1092 oppido
1958 1027 2111 1072 Keures
2123 1031 2241 1072 Dua-

1241 1086 1329 1131 rhel
1338 1128 1349 1139 .
1383 1094 1516 1138 Venit
1526 1090 1578 1138 eo
1593 1087 1822 1155 Stephanus
1836 1092 2031 1141 Vaiuoda
2044 1090 2241 1138 Ladislai

1241 1152 1354 1202 filius
1366 1173 1468 1202 cum
1483 1173 1641 1219 magna
1652 1161 1846 1219 equitum
1858 1174 1998 1204 turma
2033 1194 2045 1213 ,
2078 1163 2242 1222 partim

1241 1217 1415 1268 suorum
1427 1220 1763 1283 viribus‚partim
1776 1226 1902 1282 Regis
1916 1220 2148 1270 clementia
2160 1220 2245 1270 fre-

1242 1302 1305 1331 tus
1318 1322 1331 1341 ‚
1342 1285 1412 1333 sed
1424 1282 1575 1348 spesua
1590 1283 1730 1332 sallus:
1743 1304 1845 1332 cum
1858 1292 1900 1332 in
1915 1286 2154 1333 concilium
2167 1305 2244 1333 ve-

1242 1349 1374 1406 nisset,
1387 1369 1435 1396 ex
1446 1349 1695 1413 compofito
1707 1349 1729 1398 a
1740 1348 1966 1398 nobilitate
1977 1368 2124 1413 captus
2135 1387 2148 1408 ‚
2162 1350 2246 1399 ibi-

1242 1433 1325 1477 que
1337 1413 1361 1462 a
1374 1414 1524 1463 liCtore
1537 1416 1701 1463 indista
1711 1414 1921 1465 continuo
1933 1416 2050 1464 caula
2063 1415 2243 1465 obtrun-

1241 1498 1356 1532 catus
1366 1480 1439 1530 est:
1452 1479 1622 1545 vulgata
1632 1500 1753 1540 nece,
1764 1479 1980 1545 sumpsere
1993 1500 2110 1530 arma
2123 1480 2244 1530 mili-

1240 1563 1300 1593 tes
1312 1550 1460 1602 eius,vt
1471 1551 1604 1594 Ducis
1617 1545 1913 1594 vlcilcei·eiitt1t
1925 1565 2115 1595 mortem
2128 1585 2139 1604 ,
2161 1547 2242 1595 do-

1241 1629 1368 1658 mum
1378 1616 1766 1662 circumuenientes
1788 1611 1865 1660 vbi
1888 1611 2155 1661 habebantur
2166 1631 2239 1659 co-

1242 1681 1363 1724 mitia
1383 1714 1395 1733 ,
1431 1685 1475 1725 &
1498 1683 1586 1725 iam
1600 1675 1735 1725 fuisset
1747 1694 1920 1725 cruenta
1932 1696 2079 1742 pugna
2105 1694 2241 1725 certa-

1241 1759 1335 1789 tum
1349 1742 1426 1793 nifi
1449 1742 1471 1790 ὲ
1490 1741 1681 1791 fenestris
1697 1760 1853 1805 corpus
1867 1748 1910 1791 in
1932 1741 2079 1790 forum
2093 1743 2238 1790 detur—

1241 1806 1394 1855 batum
1414 1845 1427 1865 ‚
1461 1827 1514 1854 eo
1526 1806 1771 1872 specstaculo
1789 1806 1947 1856 milites
1962 1808 2219 1856 deterruisset
2230 1847 2240 1855 .

1241 1879 1288 1921 In
1304 1874 1455 1921 medio
1468 1871 1657 1920 tumultu
1678 1870 1871 1920 aduersus
1884 1871 1962 1921 hos
1973 1891 2078 1921 Vnus
2098 1871 2243 1919 occla-

1243 1956 1333 1985 mat
1344 1976 1356 1995 ,
1392 1939 1480 2001 th
1498 1940 1600 1982 rutis
1622 1936 1784 1998 miseri?
1807 1953 1853 1980 en
1864 1939 1974 1982 cuius
1988 1939 2125 2000 gratia
2136 1953 2247 1982 arma

193 2005 485 2049 tentiaoninia
498 1998 712 2048 factasunt
744 2038 756 2058 ,
792 2001 957 2048 emissiis
979 2006 1022 2048 in
1045 2005 1187 2048 Mora·
1233 2002 1488 2067 sumpfiflt's,
1524 2006 1622 2047 iacet
1633 2000 1855 2055 emine-bus,-
1873 2006 1918 2046 in
1930 2001 2249 2066 cafficmfuritis‚

191 2072 309 2114 uiam
325 2064 604 2128 Sigismundus
616 2104 628 2124 ,
653 2066 752 2113 inde
764 2072 807 2114 in
821 2065 1078 2114 Boliemiam
1091 2085 1191 2130 per—

189 2138 308 2180 uenit
319 2135 373 2178 ad
385 2130 511 2182 Cilice
522 2137 734 2180 comitem
743 2169 755 2188 ‚
773 2137 888 2179 cuius
901 2131 1057 2194 opibus
1070 2133 1192 2178 adiu—

188 2214 253 2245 tus
274 2235 286 2254 ,
322 2215 419 2260 qula
432 2195 622 2244 sororem
633 2202 717 2244 eius
731 2196 953 2242 ilias-baram
967 2194 1192 2260 desponsa-

190 2268 311 2320 uit,in
324 2263 581 2308 Boliemam
595 2263 740 2319 rediit.
775 2267 886 2326 Fuga
899 2267 1026 2325 Regis
1039 2260 1192 2326 vulga—

192 2344 254 2383 ta,
267 2327 524 2373 consternati
535 2331 743 2373 coniurati
753 2327 839 2389 quo
850 2326 1016 2391 fugiant
1051 2365 1062 2384 ,
1100 2346 1191 2374 non

193 2390 415 2439 succurrit.
453 2396 614 2437 Contra
627 2397 700 2453 qui
719 2397 846 2455 Regis
866 2398 1115 2456 captiuitate
1135 2398 1192 2440 ia-

193 2458 375 2504 cuerant‘
389 2493 401 2513 ‚
422 2454 553 2503 veluti
564 2454 601 2501 se
613 2456 665 2503 ab
682 2463 784 2504 inita
795 2458 986 2505 leruitute
999 2458 1194 2506 vindica-

190 2527 298 2581 turi,
321 2521 616 2569 reuocandum
628 2520 713 2568 cito
736 2521 1193 2586 Stgzsmundumexcla-

192 2606 315 2637 mant
353 2625 364 2646 ‚
398 2585 720 2635 inhostesarma
733 2585 928 2638 sumunt.
965 2594 1194 2636 Sicomnia

199 2653 431 2703 miscentur
441 2689 453 2709 ,
463 2669 667 2715 praetextu
688 2659 811 2718 regiae
822 2655 1024 2702 vindiCiae
1035 2653 1193 2717 vbique

195 2719 379 2768 fieuitur.
414 2722 462 2766 In
482 2735 595 2766 tanta
607 2737 750 2767 rerum
770 2718 1092 2782 perturbatione
1129 2721 1157 2762 S
1162 2722 1194 2764 i-

187 2783 424 2849 gismundus
445 2801 699 2846 comparato
718 2789 879 2849 ingenti
893 2784 1195 2834 Bohemorum
1219 2789 1221 2817 ÷

197 2862 398 2908 exercitu,
410 2849 584 2897 adietffis
598 2854 908 2913 Hungarorum
917 2850 1094 2911 auxihjs,
1120 2855 1196 2914 qui

196 2916 428 2981 superiores
440 2919 561 2979 regni
572 2931 713 2979 partes
725 2914 974 2965 incolebant
987 2954 999 2974 ‚
1015 2921 1196 2981 Hunga-

194 2988 305 3031 riam
313 2980 548 3046 ingreditur
559 3018 572 3037 ‚
583 2978 796 3028 obuersari
805 2979 995 3031 hostibus
1008 2981 1196 3033 minime

197 3047 299 3098 ausis
310 3087 320 3098 .
355 3048 494 3097 Red'ta
504 3046 671 3094 Budam
683 3050 801 3092 venit
811 3082 824 3102 ‚
858 3066 1001 3096 arcem
1013 3052 1167 3112 recipit
1180 3084 1193 3104 ,

199 3131 427 3176 caeteraque
441 3110 609 3175 oppida
630 3126 874 3175 recuperat.
909 3117 1009 3160 Hoc
1033 3118 1195 3161 nuncio
1219 3149 1221 3166 2

202 3182 261 3222 La
268 3179 424 3224 dislaus
435 3177 726 3226 consternatus
739 3182 782 3224 in
795 3174 974 3234 Italiam,
984 3182 1105 3224 irritis
1118 3197 1196 3226 cae-

81 3268 173 3296 xm,
202 3247 286 3306 ptis
297 3242 426 3291 elusus
439 3280 452 3301 ‚
462 3242 639 3306 repente
650 3242 765 3290 adire
776 3243 1023 3291 contendit.
1059 3245 1196 3290 Ante—

205 3303 340 3370 quam
359 3308 381 3354 ὲ
398 3306 614 3357 Dalmatia
624 3305 804 3355 solueret
837 3346 850 3366 ,
886 3309 991 3357 datis
1002 3306 1056 3355 ad
1071 3307 1196 3371 St'gts.

208 3368 384 3419 mundus
394 3369 518 3422 literis
529 3413 540 3430 ,
550 3373 590 3422 se
602 3372 825 3433 excusauit,
838 3379 1024 3423 inuitum
1035 3378 1080 3420 in
1091 3373 1197 3422 Dal-

212 3441 393 3487 matiam
402 3439 604 3498 appulisse
623 3475 635 3499 ,
671 3458 717 3487 vt
727 3440 922 3489 diuinam
937 3438 1107 3486 eliceret
1118 3457 1200 3485 vo-

437 3498 746 3553 RVPERTJ
774 3507 1000 3552 IMPER
1017 3497 1275 3552 ATORIS
1310 3508 1592 3551 OBITVS.

1234 2070 1341 2132 state
1354 2070 1372 2112 ὁ
1385 2070 1468 2113 viri
1480 2104 1492 2123 ,
1507 2084 1660 2130 regiam
1672 2067 1779 2112 haud
1786 2082 1987 2133 prouocare
1999 2068 2242 2128 Maiestate,

1242 2131 1471 2181 Deferbuit
1507 2132 1585 2180 hac
1608 2152 1715 2180 voce
1739 2137 1935 2195 equitum
1959 2131 2097 2180 furor.
2132 2138 2244 2180 Inter

1243 2198 1438 2264 Stephani
1472 2197 1680 2247 Vaiuoda:
1701 2196 1855 2245 scelera
1877 2197 1959 2245 hoc
1972 2203 2102 2244 etiam
2116 2195 2247 2244 reser-

1245 2281 1312 2311 tur
1322 2289 1335 2324 5
1346 2262 1447 2328 post
1460 2262 1821 2327 Nicopolitanam
1836 2261 2007 2311 cladem
2020 2300 2031 2319 ,
2051 2281 2189 2325 quum
2203 2267 2247 2309 in

1244 2335 1325 2376 oris
1339 2333 1563 2376 maritimis
1577 2347 1747 2376 moram
1760 2329 1942 2376 traheret
1952 2326 2247 2392 Stgifmurzdus,

1244 2395 1297 2442 ad
1309 2394 1575 2445 Baiazethem
1585 2399 1826 2442 Turcarum
1838 2412 1986 2457 regem
2006 2392 2246 2441 tabellarios

1246 2458 1412 2507 miserat
1447 2496 1459 2516 ‚
1494 2457 1692 2522 clamque
1713 2477 1817 2507 cum
1837 2477 1889 2505 eo
1903 2458 1956 2505 de
1970 2457 2067 2506 filice
2088 2462 2247 2522 nuptijs

1243 2544 1346 2573 cum
1356 2523 1561 2572 Ladislao
1573 2529 1692 2588 Rege
1707 2541 1870 2588 egerat,
1895 2543 1943 2570 ea
1984 2524 2133 2571 uidem
2145 2542 2249 2570 con-

1246 2592 1411 2640 ditione
1423 2628 1435 2647 ,
1461 2607 1507 2636 vt
1517 2608 1727 2654 generum
1739 2590 1792 2636 ad
1805 2543 2068 2647 eijciendum
2080 2594 2248 2636 Panno-

1247 2662 1327 2704 niae
1339 2675 1474 2720 regno
1485 2656 1783 2720 Stgtsmundum
1793 2692 1806 2712 ,
1817 2653 1974 2717 opibus
1983 2660 2026 2700 δι·
2037 2651 2245 2700 auxiliari-

1219 2721 1220 2775 }
1249 2721 1326 2771 bus
1348 2725 1484 2786 copijs
1520 2722 1758 2768 adiuuaret·
1792 2725 1910 2767 Rem
1931 2736 2008 2781 per
2021 2722 2245 2764 internun-

1249 2792 1336 2835 cios
1348 2784 1399 2833 eo
1419 2786 1603 2833 adducta
1635 2822 1647 2841 ‚
1682 2802 1726 2831 vt
1737 2780 1811 2831 sub
1847 2783 1925 2833 hac
1943 2782 2015 2845 spe
2030 2782 2243 2830 affinitatis

1250 2851 1403 2901 oblata:
1417 2883 1428 2907 7
1454 2869 1585 2914 quam
1595 2867 1817 2913 tantopere
1829 2847 2078 2913 prophanus
2090 2846 2242 2896 barba-

1249 2937 1315 2967 rus
1328 2915 1563 2981 appetebat
1581 2953 1593 2973 ‚
1616 2910 2242 2978 nonnullasTurcarumlegio-

1248 3003 1320 3032 nes
1362 2979 1554 3029 aduersus
1591 2978 1898 3044 Stgtsmundum
1940 2984 2047 3026 inter
2082 2982 2247 3026 Sauum·

1248 3054 1528 3110 Drauumque
1540 3047 1753 3094 induxerit
1775 3082 1786 3100 ,
1823 3044 1937 3092 vnde
1948 3060 2105 3105 magna
2115 3048 2242 3091 Hun-

1247 3119 1371 3179 gariae
1406 3110 1720 3176 appendicibus
1754 3109 1970 3157 calamitas
2006 3106 2119 3155 illata
2153 3108 2212 3155 est
2231 3147 2239 3155 .

1247 3186 1431 3242 Sumpto
1443 3179 1496 3226 de
1509 3176 1706 3240 Stephano
1716 3171 1931 3239 supplicio
1952 3211 1965 3231 ‚
1986 3178 2123 3222 caeteri
2133 3191 2244 3235 quo-

1248 3246 1331 3307 que
1359 3241 1445 3291 suas
1468 3244 1625 3291 dedere
1659 3258 1814 3304 penas.
1849 3238 2075 3287 Laborauit
2092 3238 2242 3301 postea

1249 3307 1533 3373 Stgzsmundus
1544 3304 1626 3370 pro
1639 3306 1899 3369 extirpandis
1910 3305 1956 3349 V
1952 3305 1997 3348 V
1995 3302 2162 3360 icleffl‚&
2174 3308 2197 3346 I
2200 3320 2240 3345 0—

1250 3376 1370 3420 annis
1379 3377 1475 3419 Hns
1486 3376 1630 3435 impijs
1643 3369 1872 3432 erroribus,
1894 3388 1972 3417 nec
1982 3367 2067 3417 fine
2083 3368 2238 3421 frutstu3

1250 3441 1359 3488 dum
1371 3445 1415 3487 in
1425 3441 1657 3488 Germania
1669 3435 1843 3485 accidit.

1659 3507 1776 3546 Anno
1788 3498 2010 3557 Sal.141o.

268 3562 439 3614 NItalia
459 3562 484 3610 a
504 3563 580 3612 suis
592 3568 772 3619 desertus
792 3571 988 3635 Rupertus
1001 3607 1012 3627 ,
1033 3576 1075 3616 &
1086 3569 1199 3632 pene
1247 3567 1372 3617 Italiae
1384 3588 1483 3618 cura
1500 3565 1707 3631 deposita.
1744 3570 1882 3631 Domi
1902 3561 2080 3629 feliciter
2092 3574 2239 3635 gerens

212 3571 521 3697 Iperditu52te
539 3629 696 3681 infetsta
706 3639 750 3684 in
761 3640 1044 3686 Germaniam
1057 3634 1195 3696 redijt,
1248 3633 1592 3700 Rempublicam
1624 3670 1638 3695 ‚
1673 3630 1840 3681 bellum
1853 3628 2027 3690 {ulcepit
2037 3622 2235 3671 aduersus
2261 3641 2365 3669 mvn,

335 3693 529 3745 T0m.V1.

1832 3696 1875 3740 X
1886 3710 1911 3737 x
2111 3693 2173 3735 lo.

2260 359 2402 395 an.1401

2289 700 2367 728 XLV.

2286 2409 2376 2437 XLvi.
