2644 4154
494 229 588 272 292
896 207 1152 270 Carolus
1177 202 1287 266 IV.
1316 201 1679 276 occid-Imp.
1701 200 1986 265 XXXV.

238 313 313 339 am
337 302 401 350 3753
413 307 499 369 ptis
510 307 681 365 triginta
692 318 921 349 aureorum
940 295 1158 352 millibus,
1184 300 1414 359 Mogunti—
1465 292 1761 356 suffragiorum
1778 291 2001 359 propolis,
2036 296 2264 356 Propterea
2287 291 2517 348 comitiam.
2533 301 2614 346 1372

264 1487 364 1517 CXIX.

413 374 493 427 nis,
506 366 836 429 Vangionibus,
850 359 1414 425 NemetibiiS,Oppenhei—
1465 358 1658 407 Palatino
1676 359 1821 409 Rheni
1840 377 2009 424 partem
2034 358 2316 423 vectigalium
2337 362 2458 411 Rhe-

409 441 568 490 mium,
582 422 965 481 Odei‘nlieiniiuin,
978 444 1120 472 arcem
1135 433 1177 474 &
1189 427 1413 489 oppidum
1464 422 1663 472 nenfium
1682 461 1696 481 ‚
1731 424 1927 474 vnacum
1940 422 2234 488 IngelheimO,
2254 432 2298 473 δέ
2317 431 2462 491 Oper-

409 494 1045 559 Sucuibergam:Nersteinium3
1060 490 1412 555 Ingellieimium,
1464 488 1663 546 silicium,
1674 489 1833 539 lublata
1844 496 1972 555 copia
1982 490 2246 546 redimendi,
2260 491 2437 541 donauit
2447 534 2458 544 .

409 570 448 614 V
461 553 824 613 Vinterlieimium
842 561 1020 621 pignori
1031 555 1259 620 opposuit,
1278 563 1411 605 Anno
1464 555 1694 617 Haechstam
1706 575 1808 604 cum
1821 555 2001 612 telonio,
2012 553 2204 603 Ecclefiae
2215 556 2407 620 Pragenfi
2417 563 2462 608 in

416 650 431 676 1
449 648 465 686 3
484 642 549 684 56,
585 622 739 671 tabulis
764 625 1006 685 Moguntire
1022 621 1227 668 duntaxat
1245 640 1410 669 nomen
1463 619 1892 684 Archiepiscopalem
1904 624 2049 669 erestae
2062 618 2316 684 ti·aiilci·ipsit
2328 660 2338 671 .
2358 623 2463 672 Sex-

407 685 728 757 praferentibus
751 726 760 734 .
795 690 929 734 Anno
965 684 1155 748 sequenti
1189 685 1409 734 nonnullis
1463 686 1611 732 decim
1636 691 1795 733 Sueuiae
1818 691 2008 734 ciuitates
2018 692 2172 735 vicinis
2194 686 2462 751 Principibus

405 755 569 803 ciuibus
584 750 979 816 Boppardienfibus
993 788 1005 808 ,
1017 758 1059 798 δε
1073 751 1261 797 Conrado
1272 756 1409 797 Stern-
1462 751 1661 799 vendidit
1675 791 1684 799 .
1720 754 1842 799 Serar.
1855 749 2114 800 Libertatem
2127 757 2394 800 Germanam
2406 790 2420 811 ,
2431 751 2461 801 fi

405 819 529 880 bergio
549 818 748 882 quaedam
762 816 907 865 Rheni
929 822 1128 880 portoria
1163 853 1176 873 ,
1208 817 1289 866 alia
1304 822 1408 865 item
1460 835 1560 864 vera
1571 814 1738 879 profert
1753 817 1993 874 Auentinus,
2003 818 2275 866 Maiestatem
2285 812 2505 883 ImperijM

400 880 807 939 fricofimenfibus,
824 880 1223 931 VVctzlarieniibus
1236 921 1248 942 ,
1267 884 1410 931 Freid—
1460 887 1655 930 Romani
1691 919 1705 939 ,
1739 880 1898 944 populi
1910 887 2109 945 gentium
2131 888 2304 932 vistoris
2324 883 2461 932 fortu-

399 946 689 1010 bergenfibus,
702 956 745 995 ὃς
761 946 1027 997 Gelliusianis
1039 948 1236 997 vendidit
1247 989 1256 997 .
1291 951 1408 993 Petro
1460 965 1566 994 nam
1579 947 1775 996 hostibus
1790 946 2001 1010 prodidit,
2015 951 2257 1011 Imperium
2267 951 2460 1014 pessum-

400 1011 726 1076 VVartenbergt'o
744 1012 945 1062 Bohemo
977 1051 991 1071 ,
1025 1013 1085 1062 ob
1108 1032 1310 1062 nauatam
1329 1014 1406 1064 ali·
1460 1014 1600 1062 dedit.
1635 1011 1709 1062 Ab
1722 1011 1932 1060 historicis
1948 1010 2104 1077 passiin
2117 1014 2351 1074 accusatur,
2375 1035 2464 1081 prae

1461 1083 1696 1127 Germania
1709 1076 1895 1125 dilexisse
1908 1083 2132 1126 Franciam
2147 1117 2161 1137 ,
2180 1084 2357 1144 Imperij
2367 1101 2466 1129 ner-

1458 1164 1535 1192 uos
1546 1143 1758 1201 accidisse,
1770 1142 1886 1191 luam
1902 1144 2162 1192 Boliemiam
2177 1150 2306 1192 ruinis
2319 1153 2455 1210 impe-

1457 1216 1506 1270 rij
1522 1208 1827 1274 amplificasse,
1844 1212 2047 1258 adiuneia
2066 1209 2131 1258 illi
2150 1208 2314 1261 Silefia.
2349 1215 2467 1258 Tan-

1456 1294 1546 1324 tam
1562 1274 1794 1323 infamiam
1811 1274 2023 1324 illustrant
2035 1274 2247 1325 nonnulla
2266 1275 2466 1339 templo-

1455 1361 1553 1389 rum
1563 1340 1742 1389 aedificia
1754 1378 1767 1399 ,
1781 1341 1977 1406 sumptus
1990 1347 2033 1390 in
2045 1361 2108 1390 res
2121 1342 2249 1391 sacras
2258 1378 2272 1399 ,
2283 1347 2466 1406 Pragen-

1456 1406 1504 1455 fis
1517 1408 1780 1455 Accademia
1794 1445 1806 1465 ‚
1820 1413 1964 1455 natiua
1975 1407 2178 1456 facundia
2191 1446 2201 1464 ,
2215 1406 2464 1470 linguarum

1455 1477 1604 1536 peritia
1622 1511 1635 1531 ,
1673 1472 1827 1536 quibus
1850 1471 1990 1522 secure
2012 1474 2135 1522 diem
2155 1470 2334 1522 fatalem
2357 1472 2464 1520 dixit

1455 1556 1644 1601 imperio
1657 1574 1670 1587 .

401 1078 583 1141 quando
595 1078 681 1126 fide
690 1077 777 1125 lem
790 1097 987 1144 operam,
998 1079 1028 1122 S
1032 1080 1186 1131 telzam
1196 1099 1298 1129 cum
1308 1100 1406 1129 om-

401 1142 530 1192 nibus
547 1142 859 1192 emolumentis
874 1145 1090 1193 conceffit.
1110 1150 1244 1194 Anno
1273 1168 1287 1194 1
1303 1168 1321 1205 3
1333 1164 1403 1208 71.

400 1207 509 1258 Filio
528 1205 603 1257 suo
621 1208 668 1251 V
664 1214 709 1253 V
711 1209 886 1255 enceslao
908 1229 1012 1259 cum
1031 1212 1126 1260 esset
1145 1212 1406 1260 nundinatus

397 1279 655 1339 imperium,
668 1275 849 1323 addicto
860 1275 1032 1342 fingulis
1045 1276 1293 1325 Eleerorum
1307 1296 1405 1325 cen-

398 1358 496 1389 tum
508 1338 627 1388 mille
638 1359 817 1388 aureum
830 1343 952 1389 dono
974 1379 987 1399 ,
1024 1361 1101 1390 nec
1114 1362 1164 1389 ex
1183 1344 1300 1391 Fisco
1311 1361 1406 1390 tan-

399 1423 497 1453 tum
513 1410 602 1453 auri
616 1406 942 1471 emungipoffet
954 1444 967 1464 ,
991 1410 1124 1456 Anno
1142 1429 1155 1455 1
1172 1424 1275 1470 376.
1289 1410 1342 1456 acl
1357 1407 1403 1456 li-

400 1470 637 1520 berandam
659 1471 797 1520 fidem
831 1509 844 1526 ,
877 1489 943 1518 tot
964 1491 1015 1518 ex
1037 1472 1198 1535 Aquila
1231 1473 1403 1538 plumas

397 1534 548 1584 euulsit
580 1572 593 1593 ,
629 1553 735 1599 quot
751 1534 845 1584 vilre
868 1539 959 1584 latis
980 1535 1075 1585 sunt
1095 1538 1404 1602 Augustalium

449 1641 2404 1757 CAPVT‘TERTIVM

394 1767 543 1819 Caroli
560 1775 635 1821 IV.
656 1774 933 1836 Imperatoris
944 1772 1103 1821 Iustitia
1114 1770 1168 1819 ad
1181 1791 1386 1820 normam
1398 1776 1484 1820 eius
1504 1809 1516 1829 ,
1537 1790 1627 1834 qua:
1640 1791 1719 1819 nec
1734 1789 1917 1820 munera
1939 1768 2111 1838 respicit
2122 1808 2134 1829 ,
2148 1790 2229 1820 nec
2242 1768 2466 1838 personas,

944 1835 1202 1900 praesentem
1226 1844 1379 1885 excitat
1393 1837 1571 1886 titulum
1590 1837 1925 1901 explicandum.

763 1941 1515 2020 IVSTITIA
1600 1940 2091 2024 CAECA·

404 2052 849 2119 1,Iustitiaquanaoque
882 2059 1072 2124 proffiga.
1092 2068 1165 2116 48,
1199 2058 1399 2105 Ladouici
1462 2081 1475 2106 1
1491 2060 1682 2117 5.Diues,
1693 2074 1832 2123 potens
1844 2059 1996 2123 semper
2006 2056 2372 2124 habetpatronum.
2389 2066 2461 2125 17,'

458 2124 580 2183 Regis
604 2123 861 2166 Francorum
881 2127 991 2173 aelus
1005 2138 1083 2189 pro
1097 2125 1259 2188 iustitia,
1273 2144 1328 2183 49
1340 2127 1401 2174 ,in
1523 2142 1544 2168 2
1558 2138 1595 2172 6.
1607 2126 1770 2173 Coelam
1782 2125 1908 2189 ipsum
1920 2158 1932 2182 ‚
1952 2125 2012 2183 (oy
2029 2125 2223 2170 elementa
2224 2125 2459 2188 formidant

461 2199 633 2252 potentes
653 2187 805 2249 iusticia
838 2185 1025 2253 dirigitur
1040 2227 1051 2240 .
1088 2207 1158 2248 50,
1193 2189 1403 2254 collyrium
1516 2202 1726 2253 potentem.
1746 2208 1817 2239 25,
1833 2189 2037 2254 puniendi
2044 2203 2231 2254 potentes.
2254 2194 2462 2242 28,mira-

462 2254 689 2316 agrotantis
700 2250 933 2315 Reipublicae
943 2295 952 2304 ,
1521 2252 1603 2299 culo
1614 2270 1709 2320 opus
1718 2256 1772 2300 ad
1776 2254 2003 2320 pumendos
2016 2268 2198 2320 potentes
2207 2293 2217 2304 .
2242 2277 2266 2303 2
2276 2278 2314 2314 9,
2328 2259 2462 2322 MU-

403 2320 573 2382 2,Leges
589 2330 791 2381 potentem
803 2317 1093 2384 nonstringunt
1105 2360 1114 2368 ,
1149 2319 1198 2363 V
1193 2319 1256 2366 ide
1261 2333 1328 2383 per
1343 2332 1404 2364 eo-
1512 2318 1576 2382 ses
1589 2338 1666 2366 non
1679 2319 1796 2365 audet
1801 2334 1982 2383 potentes
1993 2334 2206 2384 percutere.
2235 2338 2253 2375 3
2268 2341 2302 2371 ο,
2322 2337 2462 2386 poenas

461 2396 547 2428 tum
558 2396 676 2446 caput
700 2405 712 2429 1
730 2403 766 2440 3,
781 2381 878 2446 leges
889 2383 1031 2450 quibus
1044 2385 1314 2443 affimilentur·
1335 2407 1348 2433 1
1366 2399 1404 2434 6.
1522 2384 1726 2448 infabulis
1737 2385 1863 2435 luunt.
1875 2402 1926 2435 41
1938 2424 1948 2435 .
1962 2387 2083 2449 Regis
2097 2388 2302 2450 proprium
2318 2392 2462 2452 punire

465 2454 665 2511 torquetur
679 2446 769 2503 lex,
791 2465 838 2492 ne
855 2461 1115 2512 torqueantur
1133 2450 1281 2496 dianes
1297 2487 1308 2499 .
1337 2472 1351 2498 1
1365 2470 1404 2503 9.
1519 2462 1697 2514 potentes
1712 2492 1721 2500 ‚

465 2529 543 2556 non
574 2525 646 2555 unt
656 2515 730 2577 pro
747 2513 972 2576 potentibus
985 2533 1080 2576 .47.
1080 2514 1257 2578 fraenmn
1264 2528 1406 2580 poten-
1468 2533 1534 2567 15,
1548 2516 1723 2561 Paulum
1745 2515 1839 2581 quia
1859 2517 1991 2560 ciuem
2007 2517 2235 2564 Romanam
2255 2514 2467 2584 th'ltppos

463 2579 570 2621 tium
582 2615 590 2624 .
1525 2580 1691 2627 honorat
1701 2619 1712 2630 .

410 2665 448 2702 3.
461 2641 654 2689 AlexM.
668 2643 845 2688 rvtlatro
864 2642 1096 2710 obiurgatur
1109 2644 1136 2690 d
1153 2646 1294 2711 pirata,
1337 2668 1352 2694 1
1367 2654 1406 2696 8,
1460 2649 1627 2706 24.Eua
1626 2649 1672 2708 se
1688 2662 1765 2690 non
1777 2647 2022 2691 morituram
2033 2644 2173 2696 credit.

464 2706 663 2753 oraculum
675 2706 826 2754 deludit
837 2749 846 2759 ,
1461 2735 1484 2761 2
1496 2728 1533 2763 6,
1550 2715 1680 2757 Mare
1689 2717 1801 2756 timet
1813 2709 2071 2756 Pharaonem
2084 2747 2097 2759 .

400 2795 443 2833 4,
453 2779 580 2816 Aaron
591 2773 708 2836 culpae
716 2778 926 2839 particeps,
940 2776 1137 2823 immunis
1148 2776 1175 2822 a'
1187 2776 1299 2841 calpa
1311 2817 1321 2826 ,
1460 2800 1483 2827 2
1496 2798 1515 2828 7
1526 2818 1533 2827 ,
1543 2774 2280 2840 Nabuchzstatuafigurapotentium.

402 2861 445 2901 5,
465 2836 637 2900 Moyses
656 2841 768 2883 timet
794 2840 836 2884 in
855 2840 1118 2888 Pharaonem
1149 2857 1310 2908 pergere
1330 2882 1339 2892 ,
1363 2864 1403 2900 9.
1459 2862 1483 2895 3
1497 2862 1531 2893 ι,
1547 2843 1651 2889 Reos
1658 2845 1817 2906 punire,
1821 2841 1939 2904 stilus
1952 2839 2201 2905 Reipubltcae,
2218 2864 2236 2901 3
2250 2841 2459 2907 &religio-⁴

468 2921 542 2948 sur
555 2921 645 2954 mm
656 2903 798 2949 vellet
811 2910 927 2952 Deus
940 2906 1131 2959 occidere.
1154 2930 1168 2956 1
1183 2931 1222 2969 7,
1246 2924 1316 2953 cur
1327 2926 1407 2954 non
1525 2908 1751 2972 ntsspeties,
1764 2925 1869 2964 394
1879 2928 1892 2954 1
1906 2947 1915 2955 .
1929 2920 2000 2955 60.
2015 2924 2092 2952 non
2108 2906 2161 2970 est
2172 2910 2383 2972 Princeps,
2393 2908 2460 2969 qui

455 2967 692 3032 submersus
703 2971 745 3014 in
756 2970 858 3015 ³Nil0
872 3004 883 3015 .
1518 2988 1664 3037 punire
1676 2991 1751 3018 non
1765 2970 1901 3022 audet.
1915 2993 1989 3031 40.
1993 2971 2040 3036 se
2050 2990 2164 3019 reum
2161 2972 2290 3036 facit,
2309 2974 2461 3035 quinon

408 3046 433 3081 6
439 3074 447 3082 .
459 3041 618 3097 Pauper
624 3033 747 3096 soluit
755 3049 917 3099 poenam
927 3049 999 3100 pro
1012 3036 1153 3096 diuite,
1164 3035 1224 3096 ff*
1236 3036 1386 3084 tributa
1396 3079 1405 3088 ,
1523 3042 1641 3103 punit
1650 3053 1826 3105 potentes
1838 3078 1847 3088 ‚

478 3122 491 3146 1
505 3119 574 3148 0.2
589 3120 623 3147 1.
642 3120 666 3147 2
678 3119 699 3150 2
724 3115 939 3166 paupertas
956 3116 1096 3147 reatus
1107 3102 1159 3164 est
1173 3142 1183 3151 .
1468 3121 1537 3164 33.
1553 3106 1711 3169 Iustitia
1732 3120 1944 3150 mamm-en
1963 3099 2200 3166 Reipublicae.
2214 3115 2239 3150 3
2247 3121 2288 3160 5.
2296 3115 2462 3164 germa=

415 3178 485 3212 10.
497 3167 747 3226 Tarquitum
758 3166 796 3213 la
804 3181 890 3213 tam
907 3166 1034 3231 legem
1046 3185 1089 3212 m
1109 3165 1313 3213 adulteros
1320 3169 1407 3234 pri-
1525 3187 1580 3215 na
1591 3169 1812 3220 clementiae.
1826 3182 1886 3227 46
1892 3208 1900 3217 .
1901 3164 2132 3230 symbolum
2142 3165 2293 3225 iustitiae
2305 3204 2314 3213 .

476 3244 566 3271 mus
579 3229 741 3281 violat,
1463 3251 1534 3285 34.
1551 3242 1592 3281 V
1597 3238 1671 3282 iria
1681 3240 1814 3302 prius,
1837 3238 1982 3294 hostem
1994 3229 2121 3294 postea
2136 3227 2375 3292 aggredieris
2385 3268 2395 3277 ..

411 3308 432 3334 1
446 3307 480 3338 1.
501 3291 702 3338 Adultera
723 3332 735 3354 ‚
770 3299 823 3351 ες
842 3313 923 3342 non
946 3295 1185 3344 adultcrcur
1205 3294 1408 3361 accusare-
1464 3321 1534 3363 37.
1550 3300 1678 3347 Iudex
1687 3299 1836 3348 audeat
1842 3297 1988 3362 punire
2005 3308 2202 3362 potentes,
2220 3293 2391 3340 evelnon
2403 3293 2462 3357 fic

472 3368 537 3400 tur
552 3357 661 3417 apud
670 3360 864 3421 (hristum
879 3399 890 3411 ,
1523 3368 1663 3415 iudex.

411 3438 479 3473 13.
499 3423 562 3465 M
579 3421 760 3482 ‹gdalena
780 3442 854 3470 non
869 3423 1095 3489 prohibetur
1111 3427 1320 3493 christum
1330 3428 1404 3493 fa-
1460 3448 1483 3480 3
1494 3428 1796 3493 8.Petrusfi2lus
1811 3426 1928 3475 hamo
1933 3423 2083 3491 pistari
2089 3419 2267 3474 iubetur„

470 3486 562 3542 teri,
575 3486 671 3545 quia
683 3485 795 3531 diues
804 3528 813 3537 ,
1459 3514 1512 3554 43
1523 3497 1662 3560 ‚Regu
1672 3497 1879 3559 proprium
1889 3507 1977 3537 cum
1994 3490 2086 3551 pari
2095 3500 2236 3535 certare
2246 3530 2257 3541 0

409 3568 478 3610 14.
489 3550 962 3616 Agripinaquiafemina
978 3570 1116 3620 potens
1128 3592 1144 3612 ,
1162 3562 1314 3608 Senatu
1322 3576 1401 3606 non
1460 3561 1784 3619 44.S,Ludouici
1795 3553 1987 3619 zeluspro
1999 3555 2148 3614 iustitia
2164 3594 2174 3604 .

462 3613 700 3680 prohibetur
711 3654 721 3667 .
1458 3643 1514 3688 45
1523 3625 1777 3678 ,ssssuchan
1787 3620 1904 3668 volat
1913 3623 1953 3666 in
1966 3636 2007 3666 ος
2020 3620 2113 3672 iusti
2122 3660 2131 3670 0

2240 3683 2387 3736 Habet

2511 759 2610 808 Πᾶς.

2506 820 2605 857 ogunt.

2477 1318 2507 1350 V
2507 1315 2618 1353 irtam,
2634 1318 2635 1334 ³
