2644 4154
479 183 577 250 174

244 278 294 317 in.
307 288 398 324 1324
409 274 589 340 fugauit,
598 272 676 339 seq.
689 273 807 322 sacris
819 272 1013 321 amuletis
1025 308 1037 327 ,
1047 279 1091 318 δε
1108 268 1307 333 precibus
1319 266 1401 316 ius—

408 341 457 390 sit
469 340 492 389 ὲ
504 341 622 401 socijs
636 340 783 388 custod
789 344 838 385 iti
849 374 860 385 .
895 336 1033 384 Addit
1044 333 1309 391 Arenbekius,
1321 352 1401 379 vo-

408 406 522 455 luisse
537 425 637 454 eum
652 402 819 451 clathris
830 405 1004 448 carceris
1024 418 1165 446 cruces
1188 395 1308 446 inseri
1318 397 1401 448 fer-

411 491 496 519 reas
507 472 559 519 ad
571 476 802 518 Daemones
820 464 1047 528 pellendos
1059 501 1069 512 .
1089 464 1212 512 Idem
1232 469 1402 527 impro—

410 537 518 585 bum
532 536 614 583 hoc
628 531 835 579 liberandi
848 528 1050 575 Friderici
1060 534 1288 577 inuentum
1297 548 1402 575 vxo-

409 607 445 649 ri
462 596 673 648 adscribit,
686 614 775 642 non
786 592 982 658 Leopoldo
994 632 1006 642 .
1024 593 1243 644 Liberatus
1252 594 1402 658 postea

407 663 655 716 fridericus,
668 658 917 708 Scholarem
935 659 1086 707 videns
1104 698 1116 717 ,
1154 660 1279 709 dixit.
1319 661 1402 704 Hic

397 730 485 792 fuit
496 731 676 782 Daemon,
685 727 753 789 qui
764 741 826 771 me
836 723 986 770 voluit
996 724 1171 789 eduxisso
1185 766 1193 774 .

469 789 771 854 Frequentibus
792 789 952 838 dehinc
972 788 1287 839 excursionibus
1298 794 1400 837 Bur-

271 862 390 891 2XX¹V¹
404 860 588 924 gouiana
599 874 648 902 ex
659 874 752 903 arce
762 893 775 912 ,
797 853 921 903 nullo
931 855 1134 914 maleficij
1148 873 1305 920 genere
1326 854 1396 903 ab·

257 1881 378 1911 LXXVI.

403 925 569 973 stinuit.
604 919 874 984 Durghardiis
887 920 1167 966 Ellerbachius
1181 920 1281 969 loco
1291 938 1401 984 prae-

402 1006 512 1045 erat,
533 986 673 1036 homo
683 986 844 1036 audax,
857 985 981 1034 miles
994 991 1206 1050 impiger,
1240 984 1401 1049 spolio-

400 1071 501 1103 rum
510 1069 737 1116 appetem.
773 1057 808 1100 Is
820 1049 1019 1100 villarum
1030 1051 1240 1112 incendijs
1250 1088 1264 1109 ,
1279 1070 1400 1115 agro-

397 1137 499 1168 rum
521 1116 864 1182 depopulatione
884 1154 897 1173 ,
933 1115 1212 1166 formidabile
1233 1135 1400 1165 nomen

398 1185 576 1248 adeptus
588 1220 601 1242 ‚
617 1179 869 1231 facinorosas
880 1181 1290 1232 ducebatcohorteS.
1318 1188 1401 1232 Po—

397 1248 544 1315 pulata
558 1253 730 1306 Sueuia,
748 1252 887 1310 erupit
910 1253 955 1296 in
965 1253 1186 1295 Bauariam
1209 1266 1299 1295 non
1313 1247 1400 1297 fine

400 1316 629 1371 damno,&
641 1314 839 1359 Ludouici
849 1313 1060 1361 dedecore
1075 1344 1087 1356 ·
1108 1311 1401 1376 Spoliatorum

398 1380 567 1444 questus
587 1379 639 1427 ad
654 1379 896 1426 vindiCtam
914 1376 1169 1423 Ludouitum
1180 1383 1400 1434 excitauit,

398 1446 514 1494 vnde
537 1442 680 1490 mense
693 1442 1058 1489 Nouembricum
1080 1443 1401 1506 quadringentis

397 1507 680 1572 cataphractis
704 1524 853 1554 coram
886 1525 979 1553 arce
999 1506 1212 1555 consedit.
1248 1509 1401 1555 Addu-

395 1593 491 1623 xere
504 1573 743 1636 Augustani
756 1570 982 1636 suppetias,
993 1571 1402 1636 VVirtenbergensis

396 1646 443 1687 &
463 1636 766 1697 Helfenstaiuij
796 1636 955 1702 Reguli
974 1634 1116 1685 valida
1137 1636 1291 1685 auxilia
1308 1674 1321 1694 ,
1357 1645 1401 1685 &

761 1721 1403 1769 FRIDERICVS

452 1835 498 1880 N
509 1848 611 1882 eum
623 1830 774 1878 locum
789 1830 1045 1877 deuenimus
1058 1868 1071 1887 ,
1082 1828 1158 1877 vbi
1167 1833 1398 1893 Scriptores

486 1895 773 1958 digladiantur
798 1893 970 1944 aduerfi.
992 1898 1032 1940 F
1036 1893 1251 1939 ridericum
1271 1895 1293 1943 ὲ
1327 1913 1400 1941 cu-

402 1961 540 2010 stodia
559 1960 783 2009 dimiffum
802 1958 883 2025 pro
906 1976 1140 2025 comperto
1164 1958 1397 2008 habemus:

401 2026 658 2090 quomodo?
678 2023 753 2073 sub
764 2026 905 2073 iudice
927 2025 1068 2074 adhuc
1082 2065 1091 2074 .
1126 2029 1286 2073 Arcem
1300 2031 1401 2073 Bur-

397 2097 538 2155 gouiae
557 2089 773 2138 obsidenti
783 2092 986 2135 Lndouico
1007 2122 1023 2140 ,
1056 2089 1292 2138 aduentaffe
1304 2089 1402 2137 affe-

400 2173 499 2203 runt
512 2153 773 2218 Leopoldum‚
786 2157 839 2207 εἴ
852 2151 1079 2200 eAlbertum
1092 2153 1249 2212 fratres,
1260 2162 1302 2203 δέ
1314 2160 1394 2204 Re.

400 2226 447 2286 gi
458 2222 579 2269 diem
592 2218 732 2268 dixisse
742 2256 756 2276 ,
775 2238 863 2283 quo
873 2239 977 2269 cum
990 2239 1043 2267 eo
1055 2226 1183 2268 armis
1196 2220 1401 2269 decerne—

399 2303 512 2335 rent.
546 2291 743 2351 Pugnan]
752 2301 900 2333 tamen
915 2285 1276 2334 intercedentibus
1288 2287 1400 2335 duo—

400 2350 481 2401 bus
493 2356 692 2399 Henricis
708 2348 904 2412 'Tirolenfi
914 2388 925 2408 ‚
938 2350 997 2409 (ᾤ’
1009 2352 1054 2394 G
1056 2352 1184 2408 oricio,
1196 2350 1374 2400 dilatam
1391 2373 1400 2399 ;

404 2414 499 2463 imo
532 2423 576 2463 &
599 2416 654 2463 de
678 2413 871 2463 libertate
895 2416 937 2458 F
941 2414 1100 2460 riderici
1120 2417 1324 2465 haetenus
1347 2416 1400 2466 ab

401 2479 491 2539 alijs
502 2477 772 2543 principibus
796 2496 1009 2528 tentatum
1023 2517 1036 2537 ,
1060 2482 1304 2530 institutum
1323 2478 1402 2530 ser—

404 2563 613 2594 monem.
650 2543 840 2593 Videbat
854 2543 1083 2591 Ludouicus
1102 2565 1194 2594 non
1216 2544 1403 2610 quiesce—

408 2629 452 2658 re
466 2608 718 2674 Leopoldum
735 2645 749 2666 ,
779 2606 850 2656 sed
861 2610 916 2658 ad
934 2629 1120 2660 omnem
1131 2611 1404 2660 occasionem

405 2680 627 2723 intentum
652 2712 665 2733 ,
699 2673 867 2723 insidias
883 2674 1031 2724 moliri
1043 2716 1052 2725 .
1088 2677 1336 2727 Accedebat
1346 2683 1404 2726 ira

404 2739 639 2797 Pontificis,
653 2757 802 2787 contra
814 2760 947 2804 quem
957 2760 1048 2790 non
1059 2760 1227 2808 poterat
1239 2742 1279 2791 se
1298 2762 1404 2808 pree—

403 2810 574 2853 munire
588 2842 602 2862 ,
622 2804 700 2853 nisi
711 2806 978 2871 Principibus
989 2807 1146 2857 assidue
1161 2827 1244 2873 pro
1255 2809 1296 2851 F
1300 2808 1400 2855 ride-

407 2872 482 2915 rico
502 2868 808 2919 solicitantibus
820 2908 833 2928 ,
847 2872 1009 2935 aliquid
1020 2874 1154 2922 daret.
1191 2879 1238 2922 In
1250 2873 1405 2924 Alsatia

406 2932 628 2984 nonnullae
639 2941 846 2993 ciuitates,
855 2943 1015 3001 partim
1025 2938 1194 2987 censura
1204 2939 1402 2989 Ecclesia-

406 3000 510 3048 stica
542 3038 555 3059 ,
590 3006 750 3065 partim
760 3002 1082 3051 Austriacorum
1095 3022 1181 3067 ope
1195 3005 1404 3066 induetae,

408 3063 463 3111 ab
486 3085 539 3113 eo
560 3065 823 3115 defecerant.
855 3073 1001 3131 Itaque
1028 3067 1169 3116 Vlmae
1188 3088 1404 3118 conuentu

409 3130 578 3178 indisto
598 3169 611 3190 ,
646 3131 886 3177 fridericus
899 3137 1036 3197 pastis
1056 3134 1403 3183 dimittiturcon—

412 3192 645 3244 ditionibus
663 3237 672 3247 .
708 3203 812 3246 Sunt
822 3204 895 3261 qui
909 3198 1166 3244 Ludom'cum
1177 3197 1330 3264 absque
1341 3220 1404 3249 ai·-

414 3255 532 3304 bitris
543 3278 645 3308 cum
657 3263 872 3312 auunculo
885 3264 928 3307 F
931 3264 1095 3310 riderico
1105 3262 1303 3313 locutum
1316 3303 1329 3324 ‚
1353 3265 1405 3314 fi-

416 3320 469 3369 de
481 3326 725 3385 interposita
735 3326 982 3394 transegisse.
1018 3335 1148 3395 Leges
1160 3328 1334 3379 foederis
1343 3332 1405 3379 se—

248 3419 278 3450 ‘P
281 3412 332 3449 att
334 3426 352 3448 a
362 3411 405 3447 gn,
418 3404 592 3450 quentes
602 3407 839 3442 numerant.
854 3398 895 3439 F
899 3395 1090 3442 ridericus
1102 3412 1178 3440 mrl
1191 3398 1292 3459 regio
1303 3412 1406 3460 qua-

248 3472 296 3498 ter
329 3465 406 3518 Lod.
419 3450 595 3517 licunque
613 3489 624 3508 ,
646 3451 998 3521 (oft-vndccunque
1019 3474 1135 3525 parto
1155 3464 1404 3509 renuntiato.

250 3516 294 3551 “9⁸
320 3514 402 3547 Frui.
419 3518 448 3560 S
451 3515 711 3583 uffragiorum
730 3518 1073 3581 Septemuiralium
1089 3523 1253 3571 tabellas
1271 3526 1406 3573 reddi-

268 3597 475 3634 Lxxv11.to,
509 3581 803 3650 Regnum,viu0
818 3584 1030 3646 Ludous'co,
1042 3606 1090 3633 ne
1106 3589 1256 3636 ambito
1268 3614 1276 3639 :
1288 3591 1406 3639 Vltro

743 183 1094 246 Ludouicus
1121 180 1202 242 V.
1224 177 1481 240 Bauarus
1493 180 1699 242 Occid-
1714 178 2174 254 ImeXXIV.

1455 269 1674 318 machinas
1683 273 1736 320 ad
1747 271 2022 324 obsidionem
2034 288 2300 335 opportunas
2314 310 2324 319 .
2358 271 2439 318 Sed
2456 283 2503 306 an.
2519 282 2611 321 1324

1455 336 1642 383 minime
1674 343 1834 386 territus
1868 335 2143 384 Ello-bachius
2178 354 2269 383 non
2303 334 2440 385 modo

1453 397 1726 448 obsidionem
1737 400 1934 452 sustinere
1947 404 2136 452 decreuit
2145 439 2157 458 ‚
2167 399 2238 448 sed
2251 400 2303 448 ne
2317 420 2443 465 expe-

1454 465 1768 529 &atoLeopola'a'
1784 468 1941 517 auxilio
1973 506 1985 526 ,
2021 473 2065 515 in
2075 464 2225 515 otiosas
2246 464 2444 511 Ludouici

1453 529 1652 578 stationes
1665 549 1918 596 erumpens,
1936 535 2050 583 caede
2068 532 2148 580 late
2165 531 2301 588 edita,
2321 536 2444 593 quin-

1453 611 1682 658 gentorum
1695 604 1939 660 captiuitate
1950 597 2152 664 superbus
2163 635 2176 654 ,
2190 596 2228 644 se
2243 602 2286 644 in
2301 613 2444 644 arcem

1453 665 1616 724 recepit
1630 692 1641 703 ·
1678 665 1825 711 Grauis
1835 667 2016 722 mistura,
2036 663 2161 727 quaezi
2176 659 2446 718 vitstoillata‚

1453 742 1714 788 contemptu
1733 731 1947 777 victorem
1969 728 2127 779 affecit.
2162 733 2281 776 Hinc
2294 730 2445 790 Augu-

1453 791 1561 840 stani
1572 795 1729 855 primi,
1750 791 1901 855 eosque
1911 812 2001 841 non
2011 800 2141 858 pauci
2153 798 2330 850 imitati,
2345 789 2447 839 mis-

1452 855 1620 904 sionem
1637 855 1900 921 flagitarunt.
1937 860 2074 921 Qod
2102 878 2206 907 cum
2227 855 2445 907 resciuisset

1455 919 1679 986 Leopoldiis
1688 960 1701 980 ,
1722 923 1997 971 Ludouicum
2009 928 2261 988 intercipere
2272 922 2448 971 festina—

1451 991 1513 1034 uit
1522 1024 1533 1037 .
1558 987 1639 1035 Sed
1650 993 1880 1052 Burgi-auio
1893 986 2251 1052 Norimbergenfi
2262 1006 2448 1037 monen-

1451 1069 1492 1100 te
1527 1089 1540 1110 ,
1574 1050 1611 1099 se
1620 1052 1857 1099 Ludouscus
1877 1053 1978 1118 fuga
1996 1055 2214 1116 sufripuit,
2238 1052 2448 1100 machinis

1452 1123 1496 1166 in
1515 1117 1707 1167 hostium
1728 1120 1939 1184 potestate
1965 1117 2122 1167 reliCtis
2143 1156 2155 1167 .
2187 1117 2358 1181 Opibus
2379 1137 2447 1164 ex-

1453 1184 1528 1232 ista
1541 1183 1767 1233 obsidione
1788 1183 1956 1233 afflietis
1970 1222 1982 1242 ,
1995 1185 2049 1233 ad
2061 1183 2341 1232 recreandum
2351 1201 2448 1229 tera-

1451 1254 1719 1299 riumvocati
1738 1252 1961 1315 quaestores
1993 1288 2006 1309 ,
2041 1250 2285 1299 Iudaeorum
2303 1253 2449 1311 iniqua

1453 1314 1697 1373 exhibuere,
1709 1335 1910 1365 reuocare
1922 1312 2071 1377 fenora
2083 1353 2096 1373 ,
2107 1334 2198 1379 quae
2208 1314 2342 1362 veluti
2349 1312 2449 1376 spo—

1454 1385 1532 1446 gia:
1544 1379 1889 1431 Christianorum
1902 1379 2170 1430 facultatibus
2180 1379 2303 1429 ebriae
2313 1416 2326 1436 ,
2337 1378 2367 1427 si
2380 1398 2449 1425 ex-

1453 1447 1926 1512 primei·eiitur,possent
1936 1444 2088 1494 fiscum
2098 1452 2327 1493 remittere.
2341 1446 2449 1495 Sen—

1455 1517 1585 1558 tentia
1596 1519 1746 1573 pronis
1768 1511 1937 1560 auribus
1959 1529 2136 1576 accepta
2159 1512 2310 1572 Iudeos
2331 1514 2448 1574 expi-

1458 1573 1580 1634 lauit,
1592 1576 1823 1622 Ludonicus
1834 1576 1922 1626 fere
1935 1577 2170 1643 expoliauit
2183 1617 2192 1625 .

1467 1724 2090 1774 leeERATVR.

1451 1844 1636 1875 vocatus
1647 1829 1810 1877 abnuito
1822 1854 1830 1881 :
1849 1849 1930 1897 quae
1942 1832 1989 1877 ab
2002 1831 2100 1897 ipſs),
2112 1829 2348 1890 maioribus,
2360 1832 2452 1895 fra-

1450 1894 1627 1957 tribusue
1638 1899 1719 1942 eius
1733 1929 1746 1947 ,
1760 1896 1810 1941 de
1822 1913 1972 1962 corpore
1987 1899 2135 1963 imperij
2147 1896 2289 1959 auulsa
2301 1897 2400 1960 fiint
2410 1901 2451 1942 in

1449 1963 1661 2024 pristinum
1670 1962 1796 2008 locum
1807 1962 2085 2024 restituuntor:
2109 1960 2266 2006 Foedus
2276 1961 2450 2025 illi‚fra-

1451 2026 1651 2091 tribusque
1663 2045 1751 2074 cum
1766 2029 1963 2076 Ludouico
1980 2061 1995 2079 ,
2030 2026 2232 2091 liberisque
2255 2030 2336 2073 citis
2347 2041 2452 2073 aeter-

1451 2110 1549 2137 num
1560 2090 1632 2153 esto
1643 2115 1652 2141 ε
1665 2096 1905 2141 Communes
1916 2095 2052 2153 hostes,
2062 2093 2121 2152 (ej
2133 2095 2284 2139 amicos
2301 2091 2453 2138 haben-

1452 2171 1509 2208 to,
1546 2163 1684 2204 Extra
1697 2159 1861 2219 hostium
1880 2158 2039 2206 ordines
2057 2157 2249 2221 Pontifex
2279 2195 2292 2214 ‚
2330 2158 2453 2202 donec

1451 2223 1828 2286 Lndom‘coinfestus
1839 2229 1914 2272 erit
1933 2262 1945 2281 ,
1971 2242 2019 2269 ne
2040 2222 2222 2286 censetor.
2259 2226 2363 2267 Dux
2373 2225 2454 2266 Ca-

1453 2289 1604 2334 rinthiae
1620 2306 1709 2334 vna
1719 2307 1810 2335 cum
1825 2293 2035 2356 primarq's
2046 2285 2331 2351 familiaribus
2352 2304 2452 2352 qua-

1450 2368 1562 2412 tuor,
1579 2352 1812 2417 liudolphus
1825 2359 1923 2402 item
1937 2353 2307 2416 Hochenbergicus,
2330 2357 2452 2416 Hugo

1452 2421 1731 2485 Brigantinus,
1742 2418 1921 2466 Alterius
1934 2419 1982 2466 de
1991 2422 2019 2462 S
2021 2418 2139 2463 αηὲἶο
2151 2431 2283 2462 monte
2296 2455 2308 2475 ,
2330 2419 2359 2460 S
2363 2417 2453 2461 che-

1451 2484 1659 2547 bhetingus
1675 2521 1688 2542 ,
1710 2483 1956 2548 Rudolphus
1981 2522 1994 2541 ‚
2029 2483 2089 2543 ff
2103 2481 2221 2545 Heffo
2234 2482 2454 2545 Badensetss

1454 2547 1788 2612 Furstenbergms
1803 2588 1815 2608 ‚
1835 2547 2179 2614 Ochftnstainiiis‚
2207 2548 2453 2613 Regisiippe-

1452 2617 1528 2660 tias
1544 2616 1737 2676 aduersus
1745 2614 1915 2677 foederis
1935 2613 2167 2659 violatores
2182 2616 2305 2659 iurati
2330 2614 2455 2679 spon-

1456 2681 1595 2731 dento,
1629 2677 1782 2740 Austrij
1781 2679 1938 2742 fratres
1961 2718 1974 2738 ,
2009 2697 2089 2744 qnae
2109 2676 2453 2744 beneficiarioiure

1451 2746 1653 2813 poffident,
1664 2763 1690 2789 a
1704 2744 1906 2791 Ludouico
1916 2743 2227 2810 recognoscunto‚
2241 2748 2358 2810 inque
2371 2745 2453 2789 eius

1455 2812 1671 2859 clientelam
1705 2827 1795 2856 cum
1807 2812 1989 2858 omnibus
2014 2808 2093 2871 fibi
2114 2810 2294 2872 obnoxn’s
2326 2821 2449 2855 conce-

1455 2879 1578 2924 dunto
1592 2896 1607 2920 .·
1641 2872 2078 2941 Obfiquijdetrabi‘ores
2097 2872 2367 2922 communibus
2385 2872 2448 2914 iu-

1457 2941 1567 2989 ribus
1589 2945 1872 3006 impugnanto:
1909 2943 2138 2989 Fridericus
2157 2938 2300 3002 filiam
2322 2934 2449 2998 suam

1454 3006 1654 3073 Stephano
1671 3009 1868 3053 Ludouici
1879 3006 1970 3070 filio
1984 3001 2229 3068 deffoncz'eto:
2262 3004 2363 3046 Doti
2379 3016 2447 3065 pe-

1455 3075 1616 3119 cuniam
1626 3110 1639 3130 ,
1650 3087 1846 3136 qnantum
1856 3073 1994 3118 arbitri
2003 3069 2196 3123 dixerint,
2209 3068 2446 3128 constituito:

1456 3144 1654 3203 ffiurgotiia
1663 3130 2185 3196 interim,ffl“Rtftburgum
2201 3147 2272 3195 pro
2283 3134 2446 3196 pignore

1447 3204 1594 3268 finito:
1627 3200 1864 3252 Parentibus
1889 3197 1978 3261 fato
2001 3196 2178 3263 funfflis,
2199 3195 2313 3242 liberi
2322 3195 2446 3242 nihilo

1445 3269 1581 3331 secius
1598 3267 1731 3332 foedus
1754 3262 1893 3327 fian'Ze
1905 3263 2077 3313 colunto.
2116 3264 2160 3306 Si
2176 3262 2218 3305 F
2224 3260 2443 3307 ridericum

1457 3328 1658 3380 Ludonico
1657 3330 1915 3395 superstitem
1948 3367 1961 3386 ,
1995 3328 2057 3387 (ᾤ’
2068 3326 2314 3391 succcffirem
2329 3335 2443 3373 Deus

1455 3399 1573 3455 volet,
1586 3397 1793 3444 liberorum
1805 3397 1886 3440 eius
1897 3394 2130 3457 dignitatem
2138 3396 2296 3439 comiter
2298 3391 2443 3454 strua-

1455 3478 1509 3513 to.
1544 3465 1645 3529 Quae
1653 3462 1826 3524 priorum
1835 3462 1985 3523 Regum
1995 3458 2176 3524 beneficio
2187 3457 2357 3520 Adstrijs
2370 3457 2440 3503 hoa

1455 3532 1540 3574 nori
1538 3529 1616 3597 fica
1626 3523 2077 3589 obtigeruntyatasunto
2090 3546 2100 3573 :
2134 3527 2295 3588 Captiui
2306 3526 2442 3570 vtrin-

1453 3612 1526 3660 que
1537 3591 1770 3639 redazintor:
1805 3594 1856 3635 In
1870 3587 1944 3635 has
1957 3589 2194 3637 conditiones
2204 3593 2245 3635 F
2249 3588 2443 3635 ridericus

2233 3657 2378 3699 Sacra-

2465 472 2601 507 Ludouici
2612 514 2613 520 ¹

2457 521 2555 558 clades
2563 549 2573 558 .
2611 521 2614 595 ἱ

2491 1103 2591 1131 Lxxw

2522 1140 2606 1175 iudici
2618 1153 2619 1157 ¹

2464 1187 2605 1238 mulffanf
2618 1204 2620 1218 z

2463 1245 2513 1271 tur
2522 1265 2531 1274 .
