<?xml version="1.0" encoding="UTF-8"?>
<!DOCTYPE html PUBLIC "-//W3C//DTD XHTML 1.0 Transitional//EN"
    "http://www.w3.org/TR/xhtml1/DTD/xhtml1-transitional.dtd">
<html xmlns="http://www.w3.org/1999/xhtml" xml:lang="en" lang="en">
 <head>
  <title>
</title>
<meta http-equiv="Content-Type" content="text/html;charset=utf-8" />
  <meta name='ocr-system' content='tesseract 3.04.00' />
  <meta name='ocr-capabilities' content='ocr_page ocr_carea ocr_par ocr_line ocrx_word'/>
</head>
<body>
  <div class='ocr_page' id='page_1' title='image "aquilavagasubqua00pala_0186.png"; bbox 0 0 2644 4154; ppageno 0'>
   <div class='ocr_carea' id='block_1_1' title="bbox 497 183 591 231">
    <p class='ocr_par' dir='ltr' id='par_1_1' title="bbox 497 183 591 231">
     <span class='ocr_line' id='line_1_1' title="bbox 497 183 591 231; baseline 0 -10"><span class='ocrx_word' id='word_1_1' title='bbox 497 183 591 231; x_wconf 85' lang='lat'>178</span> 
     </span>
    </p>
   </div>
   <div class='ocr_carea' id='block_1_2' title="bbox 410 252 1419 843">
    <p class='ocr_par' dir='ltr' id='par_1_2' title="bbox 410 252 1419 843">
     <span class='ocr_line' id='line_1_2' title="bbox 414 252 1418 325; baseline -0.005 -18"><span class='ocrx_word' id='word_1_2' title='bbox 414 277 544 318; x_wconf 81' lang='lat' dir='ltr'>retur,</span> <span class='ocrx_word' id='word_1_3' title='bbox 556 260 627 308; x_wconf 89' lang='lat' dir='ltr'>die</span> <span class='ocrx_word' id='word_1_4' title='bbox 642 261 835 325; x_wconf 82' lang='lat' dir='ltr'>quodam</span> <span class='ocrx_word' id='word_1_5' title='bbox 851 257 1053 322; x_wconf 76' lang='lat' dir='ltr'>epulante</span> <span class='ocrx_word' id='word_1_6' title='bbox 1068 260 1112 303; x_wconf 88' lang='lat' dir='ltr'>in</span> <span class='ocrx_word' id='word_1_7' title='bbox 1124 252 1307 318; x_wconf 88' lang='lat' dir='ltr'>publico</span> <span class='ocrx_word' id='word_1_8' title='bbox 1321 259 1418 302; x_wconf 79' lang='lat' dir='ltr'>Cae-</span> 
     </span>
     <span class='ocr_line' id='line_1_3' title="bbox 413 318 1417 390; baseline -0.007 -16"><span class='ocrx_word' id='word_1_9' title='bbox 413 323 498 374; x_wconf 87' lang='lat' dir='ltr'>sare</span> <span class='ocrx_word' id='word_1_10' title='bbox 510 359 524 376; x_wconf 89' lang='lat'><em>,</em></span> <span class='ocrx_word' id='word_1_11' title='bbox 545 332 780 390; x_wconf 92' lang='lat' dir='ltr'>potionem</span> <span class='ocrx_word' id='word_1_12' title='bbox 793 341 925 387; x_wconf 87' lang='lat' dir='ltr'>quam</span> <span class='ocrx_word' id='word_1_13' title='bbox 940 320 1010 368; x_wconf 90' lang='lat' dir='ltr'>ille</span> <span class='ocrx_word' id='word_1_14' title='bbox 1022 318 1239 367; x_wconf 82' lang='lat' dir='ltr'>oblaturus</span> <span class='ocrx_word' id='word_1_15' title='bbox 1250 323 1417 367; x_wconf 90' lang='lat' dir='ltr'>Princi-</span> 
     </span>
     <span class='ocr_line' id='line_1_4' title="bbox 410 383 1417 456; baseline -0.007 -16"><span class='ocrx_word' id='word_1_16' title='bbox 410 396 462 456; x_wconf 82' lang='lat' dir='ltr'>pi</span> <span class='ocrx_word' id='word_1_17' title='bbox 481 408 587 447; x_wconf 89' lang='lat' dir='ltr'>erat,</span> <span class='ocrx_word' id='word_1_18' title='bbox 606 391 876 438; x_wconf 87' lang='lat' dir='ltr'>medicauere</span> <span class='ocrx_word' id='word_1_19' title='bbox 899 384 1052 433; x_wconf 87' lang='lat' dir='ltr'>furtim</span> <span class='ocrx_word' id='word_1_20' title='bbox 1068 389 1142 449; x_wconf 87' lang='lat' dir='ltr'>qui</span> <span class='ocrx_word' id='word_1_21' title='bbox 1160 389 1323 448; x_wconf 84' lang='lat' dir='ltr'>negotij</span> <span class='ocrx_word' id='word_1_22' title='bbox 1338 383 1417 433; x_wconf 88' lang='lat' dir='ltr'>fibi</span> 
     </span>
     <span class='ocr_line' id='line_1_5' title="bbox 411 448 1419 519; baseline -0.008 -14"><span class='ocrx_word' id='word_1_23' title='bbox 411 457 461 506; x_wconf 84' lang='lat' dir='ltr'>id</span> <span class='ocrx_word' id='word_1_24' title='bbox 483 454 766 519; x_wconf 81' lang='lat' dir='ltr'>{umpscrant.</span> <span class='ocrx_word' id='word_1_25' title='bbox 802 449 936 499; x_wconf 72' lang='lat' dir='ltr'>Caeffir</span> <span class='ocrx_word' id='word_1_26' title='bbox 957 448 1034 498; x_wconf 88' lang='lat' dir='ltr'>vbi</span> <span class='ocrx_word' id='word_1_27' title='bbox 1058 448 1277 513; x_wconf 76' lang='lat' dir='ltr'>scyphum</span> <span class='ocrx_word' id='word_1_28' title='bbox 1297 469 1419 497; x_wconf 84' lang='lat' dir='ltr'>acce-</span> 
     </span>
     <span class='ocr_line' id='line_1_6' title="bbox 414 514 1419 587; baseline -0.007 -17"><span class='ocrx_word' id='word_1_29' title='bbox 414 528 494 587; x_wconf 88' lang='lat' dir='ltr'>pit,</span> <span class='ocrx_word' id='word_1_30' title='bbox 510 519 698 571; x_wconf 86' lang='lat' dir='ltr'>reddidit</span> <span class='ocrx_word' id='word_1_31' title='bbox 708 522 926 581; x_wconf 78' lang='lat' dir='ltr'>pincernae</span> <span class='ocrx_word' id='word_1_32' title='bbox 939 553 951 573; x_wconf 88' lang='lat'>‚</span> <span class='ocrx_word' id='word_1_33' title='bbox 965 514 1195 563; x_wconf 83' lang='lat' dir='ltr'>adhortans</span> <span class='ocrx_word' id='word_1_34' title='bbox 1208 514 1336 564; x_wconf 86' lang='lat' dir='ltr'>simul</span> <span class='ocrx_word' id='word_1_35' title='bbox 1348 533 1419 573; x_wconf 80' lang='lat' dir='ltr'>‚vt</span> 
     </span>
     <span class='ocr_line' id='line_1_7' title="bbox 412 578 1417 649; baseline -0.008 -13"><span class='ocrx_word' id='word_1_36' title='bbox 412 586 750 649; x_wconf 79' lang='lat' dir='ltr'>malignantium</span> <span class='ocrx_word' id='word_1_37' title='bbox 761 599 954 632; x_wconf 83' lang='lat' dir='ltr'>rumores</span> <span class='ocrx_word' id='word_1_38' title='bbox 973 578 1154 631; x_wconf 85' lang='lat' dir='ltr'>dilueret</span> <span class='ocrx_word' id='word_1_39' title='bbox 1167 618 1179 639; x_wconf 86' lang='lat'>‚</span> <span class='ocrx_word' id='word_1_40' title='bbox 1202 586 1319 645; x_wconf 84' lang='lat' dir='ltr'>queis</span> <span class='ocrx_word' id='word_1_41' title='bbox 1329 578 1417 645; x_wconf 87' lang='lat' dir='ltr'>ipse</span> 
     </span>
     <span class='ocr_line' id='line_1_8' title="bbox 415 646 1418 711; baseline -0.006 -11"><span class='ocrx_word' id='word_1_42' title='bbox 415 651 728 700; x_wconf 69' lang='lat' dir='ltr'>diffamaretus.</span> <span class='ocrx_word' id='word_1_43' title='bbox 764 646 993 711; x_wconf 83' lang='lat' dir='ltr'>Rapidum</span> <span class='ocrx_word' id='word_1_44' title='bbox 1005 651 1138 694; x_wconf 86' lang='lat' dir='ltr'>inerat</span> <span class='ocrx_word' id='word_1_45' title='bbox 1149 651 1262 694; x_wconf 84' lang='lat' dir='ltr'>virus</span> <span class='ocrx_word' id='word_1_46' title='bbox 1283 683 1297 705; x_wconf 88' lang='lat'>‚</span> <span class='ocrx_word' id='word_1_47' title='bbox 1330 666 1418 710; x_wconf 94' lang='lat' dir='ltr'>quo</span> 
     </span>
     <span class='ocr_line' id='line_1_9' title="bbox 415 711 1417 775; baseline -0.007 -10"><span class='ocrx_word' id='word_1_48' title='bbox 415 712 658 765; x_wconf 83' lang='lat' dir='ltr'>iuueniliter</span> <span class='ocrx_word' id='word_1_49' title='bbox 672 745 685 770; x_wconf 82' lang='lat'>,</span> <span class='ocrx_word' id='word_1_50' title='bbox 713 718 757 759; x_wconf 86' lang='lat'>&amp;</span> <span class='ocrx_word' id='word_1_51' title='bbox 779 711 968 775; x_wconf 72' lang='lat' dir='ltr'>impigre</span> <span class='ocrx_word' id='word_1_52' title='bbox 980 711 1135 760; x_wconf 85' lang='lat' dir='ltr'>hausto</span> <span class='ocrx_word' id='word_1_53' title='bbox 1156 717 1417 763; x_wconf 87' lang='lat' dir='ltr'>Vicecomes</span> 
     </span>
     <span class='ocr_line' id='line_1_10' title="bbox 413 775 1416 843; baseline -0.003 -15"><span class='ocrx_word' id='word_1_54' title='bbox 413 796 519 828; x_wconf 89' lang='lat' dir='ltr'>cum</span> <span class='ocrx_word' id='word_1_55' title='bbox 533 783 741 843; x_wconf 85' lang='lat' dir='ltr'>vertigine</span> <span class='ocrx_word' id='word_1_56' title='bbox 753 777 986 825; x_wconf 87' lang='lat' dir='ltr'>oculorum</span> <span class='ocrx_word' id='word_1_57' title='bbox 1018 815 1033 836; x_wconf 85' lang='grc'>,</span> <span class='ocrx_word' id='word_1_58' title='bbox 1066 775 1295 826; x_wconf 85' lang='lat' dir='ltr'>retrorsum</span> <span class='ocrx_word' id='word_1_59' title='bbox 1307 783 1416 826; x_wconf 91' lang='lat' dir='ltr'>ceci-</span> 
     </span>
    </p>
   </div>
   <div class='ocr_carea' id='block_1_3' title="bbox 248 238 401 288">
    <p class='ocr_par' dir='ltr' id='par_1_3' title="bbox 248 238 401 288">
     <span class='ocr_line' id='line_1_11' title="bbox 248 238 401 288; baseline 0.007 -12"><span class='ocrx_word' id='word_1_60' title='bbox 248 238 401 288; x_wconf 66' lang='lat' dir='ltr'>in.1327</span> 
     </span>
    </p>
   </div>
   <div class='ocr_carea' id='block_1_4' title="bbox 411 841 1421 978">
    <p class='ocr_par' dir='ltr' id='par_1_4' title="bbox 411 841 1421 978">
     <span class='ocr_line' id='line_1_12' title="bbox 413 841 1420 908; baseline 0.003 -16"><span class='ocrx_word' id='word_1_61' title='bbox 413 845 500 892; x_wconf 89' lang='lat' dir='ltr'>dit.</span> <span class='ocrx_word' id='word_1_62' title='bbox 534 845 607 893; x_wconf 84' lang='lat' dir='ltr'>Ad</span> <span class='ocrx_word' id='word_1_63' title='bbox 638 861 742 892; x_wconf 90' lang='lat' dir='ltr'>eum</span> <span class='ocrx_word' id='word_1_64' title='bbox 763 841 986 906; x_wconf 65' lang='lat' dir='ltr'>aspedtum</span> <span class='ocrx_word' id='word_1_65' title='bbox 1022 841 1180 904; x_wconf 80' lang='lat' dir='ltr'>conscij</span> <span class='ocrx_word' id='word_1_66' title='bbox 1199 849 1420 908; x_wconf 81' lang='lat' dir='ltr'>ignarique</span> 
     </span>
     <span class='ocr_line' id='line_1_13' title="bbox 411 906 1421 978; baseline -0.002 -21"><span class='ocrx_word' id='word_1_67' title='bbox 411 914 571 978; x_wconf 83' lang='lat' dir='ltr'>pariter</span> <span class='ocrx_word' id='word_1_68' title='bbox 596 909 866 958; x_wconf 86' lang='lat' dir='ltr'>inhorruere.</span> <span class='ocrx_word' id='word_1_69' title='bbox 901 906 1200 958; x_wconf 81' lang='lat' dir='ltr'>Misericordia</span> <span class='ocrx_word' id='word_1_70' title='bbox 1217 916 1262 957; x_wconf 83' lang='lat' dir='ltr'>in</span> <span class='ocrx_word' id='word_1_71' title='bbox 1284 908 1421 956; x_wconf 74' lang='lat' dir='ltr'>Czela-</span> 
     </span>
    </p>
   </div>
   <div class='ocr_carea' id='block_1_5' title="bbox 411 972 1420 1105">
    <p class='ocr_par' dir='ltr' id='par_1_5' title="bbox 411 972 1420 1105">
     <span class='ocr_line' id='line_1_14' title="bbox 411 972 1420 1043; baseline -0.003 -19"><span class='ocrx_word' id='word_1_72' title='bbox 411 974 662 1039; x_wconf 86' lang='lat' dir='ltr'>rem‚quafi</span> <span class='ocrx_word' id='word_1_73' title='bbox 684 975 889 1043; x_wconf 76' lang='lat' dir='ltr'>diuinitus</span> <span class='ocrx_word' id='word_1_74' title='bbox 911 972 1124 1026; x_wconf 85' lang='lat' dir='ltr'>seruatum</span> <span class='ocrx_word' id='word_1_75' title='bbox 1156 1013 1171 1033; x_wconf 83' lang='lat'><em>,</em></span> <span class='ocrx_word' id='word_1_76' title='bbox 1202 972 1362 1038; x_wconf 88' lang='lat' dir='ltr'>probra</span> <span class='ocrx_word' id='word_1_77' title='bbox 1375 980 1420 1022; x_wconf 89' lang='lat' dir='ltr'>in</span> 
     </span>
     <span class='ocr_line' id='line_1_15' title="bbox 412 1040 1419 1105; baseline 0 -16"><span class='ocrx_word' id='word_1_78' title='bbox 412 1060 517 1089; x_wconf 88' lang='lat' dir='ltr'>eum</span> <span class='ocrx_word' id='word_1_79' title='bbox 538 1047 613 1105; x_wconf 88' lang='lat' dir='ltr'>qui</span> <span class='ocrx_word' id='word_1_80' title='bbox 630 1042 815 1090; x_wconf 90' lang='lat' dir='ltr'>sternere</span> <span class='ocrx_word' id='word_1_81' title='bbox 849 1040 973 1103; x_wconf 78' lang='lat' dir='ltr'>luper</span> <span class='ocrx_word' id='word_1_82' title='bbox 1005 1040 1137 1104; x_wconf 83' lang='lat' dir='ltr'>dapes</span> <span class='ocrx_word' id='word_1_83' title='bbox 1172 1045 1419 1090; x_wconf 88' lang='lat' dir='ltr'>exanimem</span> 
     </span>
    </p>
   </div>
   <div class='ocr_carea' id='block_1_6' title="bbox 412 1105 1417 1173">
    <p class='ocr_par' dir='ltr' id='par_1_6' title="bbox 412 1105 1417 1173">
     <span class='ocr_line' id='line_1_16' title="bbox 412 1105 1417 1173; baseline -0.003 -15"><span class='ocrx_word' id='word_1_84' title='bbox 412 1106 608 1158; x_wconf 81' lang='lat' dir='ltr'>voluisset</span> <span class='ocrx_word' id='word_1_85' title='bbox 628 1114 949 1173; x_wconf 76' lang='lat' dir='ltr'>Imperatorem</span> <span class='ocrx_word' id='word_1_86' title='bbox 969 1144 979 1160; x_wconf 77' lang='grc'>,</span> <span class='ocrx_word' id='word_1_87' title='bbox 1016 1105 1150 1169; x_wconf 79' lang='lat' dir='ltr'>Quasi</span> <span class='ocrx_word' id='word_1_88' title='bbox 1185 1105 1417 1173; x_wconf 79' lang='lat' dir='ltr'>yerifimile</span> 
     </span>
    </p>
   </div>
   <div class='ocr_carea' id='block_1_7' title="bbox 575 1206 2354 2901">
    <p class='ocr_par' dir='ltr' id='par_1_7' title="bbox 575 1206 2354 2901">
     <span class='ocr_line' id='line_1_17' title="bbox 575 1206 2354 2901; baseline 0 0"><span class='ocrx_word' id='word_1_89' title='bbox 575 1206 2354 2901; x_wconf 95' lang='lat' dir='ltr'> </span> 
     </span>
    </p>
   </div>
   <div class='ocr_carea' id='block_1_8' title="bbox 288 2873 388 2904">
    <p class='ocr_par' dir='ltr' id='par_1_8' title="bbox 288 2873 388 2904">
     <span class='ocr_line' id='line_1_18' title="bbox 288 2873 388 2904; baseline -0.03 0"><span class='ocrx_word' id='word_1_90' title='bbox 288 2873 388 2904; x_wconf 80' lang='lat' dir='ltr'><strong>XCIII.</strong></span> 
     </span>
    </p>
   </div>
   <div class='ocr_carea' id='block_1_9' title="bbox 256 2910 1421 2997">
    <p class='ocr_par' dir='ltr' id='par_1_9' title="bbox 256 2910 1421 2997">
     <span class='ocr_line' id='line_1_19' title="bbox 256 2910 1421 2997; baseline 0.004 -22"><span class='ocrx_word' id='word_1_91' title='bbox 256 2910 902 2997; x_wconf 42' lang='lat' dir='ltr'>‘35²3&#39;cius,A&lt;0‚Luchinus‚</span> <span class='ocrx_word' id='word_1_92' title='bbox 934 2929 1185 2990; x_wconf 43' lang='lat' dir='ltr'>&amp;Iomanen</span> <span class='ocrx_word' id='word_1_93' title='bbox 1216 2930 1421 2996; x_wconf 88' lang='lat' dir='ltr'>Morsque</span> 
     </span>
    </p>
   </div>
   <div class='ocr_carea' id='block_1_10' title="bbox 257 2995 1419 3191">
    <p class='ocr_par' dir='ltr' id='par_1_10' title="bbox 257 2995 1419 3191">
     <span class='ocr_line' id='line_1_20' title="bbox 257 2995 1419 3053; baseline 0.003 -10"><span class='ocrx_word' id='word_1_94' title='bbox 257 3019 394 3043; x_wconf 82' lang='lat' dir='ltr'>carceres</span> <span class='ocrx_word' id='word_1_95' title='bbox 424 2998 480 3042; x_wconf 87' lang='lat' dir='ltr'>eis</span> <span class='ocrx_word' id='word_1_96' title='bbox 493 2995 797 3053; x_wconf 84' lang='lat' dir='ltr'>denunciatur,</span> <span class='ocrx_word' id='word_1_97' title='bbox 817 2995 896 3044; x_wconf 90' lang='lat' dir='ltr'>nifi</span> <span class='ocrx_word' id='word_1_98' title='bbox 916 3016 1060 3045; x_wconf 79' lang='lat' dir='ltr'>arcem</span> <span class='ocrx_word' id='word_1_99' title='bbox 1083 2998 1419 3046; x_wconf 86' lang='lat' dir='ltr'>Modoetianam</span> 
     </span>
     <span class='ocr_line' id='line_1_21' title="bbox 262 3057 1419 3112; baseline 0.001 -3"><span class='ocrx_word' id='word_1_100' title='bbox 262 3057 408 3094; x_wconf 63' lang='lat' dir='ltr'>«inatus.</span> <span class='ocrx_word' id='word_1_101' title='bbox 423 3066 530 3110; x_wconf 87' lang='lat' dir='ltr'>intra</span> <span class='ocrx_word' id='word_1_102' title='bbox 549 3061 743 3109; x_wconf 90' lang='lat' dir='ltr'>triduum</span> <span class='ocrx_word' id='word_1_103' title='bbox 764 3062 979 3110; x_wconf 85' lang='lat' dir='ltr'>traderent</span> <span class='ocrx_word' id='word_1_104' title='bbox 996 3095 1008 3106; x_wconf 91' lang='lat'><strong><em>.</em></strong></span> <span class='ocrx_word' id='word_1_105' title='bbox 1043 3064 1103 3111; x_wconf 91' lang='lat' dir='ltr'>Id.</span> <span class='ocrx_word' id='word_1_106' title='bbox 1124 3069 1419 3112; x_wconf 85' lang='lat' dir='ltr'>Vicecomites</span> 
     </span>
     <span class='ocr_line' id='line_1_22' title="bbox 423 3126 1418 3191; baseline 0.002 -17"><span class='ocrx_word' id='word_1_107' title='bbox 423 3126 626 3175; x_wconf 66' lang='lat' dir='ltr'>Praefeeto</span> <span class='ocrx_word' id='word_1_108' title='bbox 639 3127 898 3174; x_wconf 85' lang='lat' dir='ltr'>mandarunt</span> <span class='ocrx_word' id='word_1_109' title='bbox 906 3145 985 3191; x_wconf 92' lang='lat' dir='ltr'>per</span> <span class='ocrx_word' id='word_1_110' title='bbox 997 3126 1132 3176; x_wconf 80' lang='lat' dir='ltr'>literas</span> <span class='ocrx_word' id='word_1_111' title='bbox 1152 3153 1162 3185; x_wconf 89' lang='lat'>;</span> <span class='ocrx_word' id='word_1_112' title='bbox 1182 3127 1254 3175; x_wconf 83' lang='lat' dir='ltr'>sed</span> <span class='ocrx_word' id='word_1_113' title='bbox 1271 3147 1375 3176; x_wconf 89' lang='lat' dir='ltr'>cum</span> <span class='ocrx_word' id='word_1_114' title='bbox 1386 3133 1418 3176; x_wconf 86' lang='lat' dir='ltr'>is</span> 
     </span>
    </p>
   </div>
   <div class='ocr_carea' id='block_1_11' title="bbox 1439 1067 1449 1192">
    <p class='ocr_par' dir='ltr' id='par_1_11' title="bbox 1439 1067 1449 1192">
     <span class='ocr_line' id='line_1_23' title="bbox 1439 1067 1449 1192; baseline 0 2962"><span class='ocrx_word' id='word_1_115' title='bbox 1439 1067 1449 1192; x_wconf 95' lang='lat' dir='ltr'> </span> 
     </span>
    </p>
   </div>
   <div class='ocr_carea' id='block_1_12' title="bbox 1436 2933 1447 3152">
    <p class='ocr_par' dir='ltr' id='par_1_12' title="bbox 1436 2933 1447 3152">
     <span class='ocr_line' id='line_1_24' title="bbox 1436 2933 1447 3152; baseline 0 1002"><span class='ocrx_word' id='word_1_116' title='bbox 1436 2933 1447 3152; x_wconf 95' lang='lat' dir='ltr'> </span> 
     </span>
    </p>
   </div>
   <div class='ocr_carea' id='block_1_13' title="bbox 749 163 2208 241">
    <p class='ocr_par' dir='ltr' id='par_1_13' title="bbox 749 163 2208 241">
     <span class='ocr_line' id='line_1_25' title="bbox 749 163 2208 241; baseline 0.003 -11"><span class='ocrx_word' id='word_1_117' title='bbox 749 166 1102 230; x_wconf 87' lang='lat' dir='ltr'>Ludouicus</span> <span class='ocrx_word' id='word_1_118' title='bbox 1117 164 1200 227; x_wconf 86' lang='lat' dir='ltr'>V.</span> <span class='ocrx_word' id='word_1_119' title='bbox 1218 163 1481 226; x_wconf 85' lang='lat' dir='ltr'>Bauarus</span> <span class='ocrx_word' id='word_1_120' title='bbox 1505 165 1714 230; x_wconf 86' lang='lat' dir='ltr'>Occid-</span> <span class='ocrx_word' id='word_1_121' title='bbox 1732 165 1876 241; x_wconf 90' lang='lat' dir='ltr'><strong>Imp.</strong></span> <span class='ocrx_word' id='word_1_122' title='bbox 1888 165 2208 240; x_wconf 83' lang='lat' dir='ltr'>XXXIV.</span> 
     </span>
    </p>
   </div>
   <div class='ocr_carea' id='block_1_14' title="bbox 1465 254 2591 1113">
    <p class='ocr_par' dir='ltr' id='par_1_14' title="bbox 1465 254 2591 452">
     <span class='ocr_line' id='line_1_26' title="bbox 1466 254 2591 314; baseline 0.011 -12"><span class='ocrx_word' id='word_1_123' title='bbox 1466 254 1586 304; x_wconf 89' lang='lat' dir='ltr'>fieret</span> <span class='ocrx_word' id='word_1_124' title='bbox 1601 294 1614 314; x_wconf 89' lang='lat'><strong><em>,</em></strong></span> <span class='ocrx_word' id='word_1_125' title='bbox 1650 275 1695 305; x_wconf 88' lang='lat' dir='ltr'>vt</span> <span class='ocrx_word' id='word_1_126' title='bbox 1705 261 1870 306; x_wconf 85' lang='lat' dir='ltr'>iuuenis</span> <span class='ocrx_word' id='word_1_127' title='bbox 1879 262 2060 307; x_wconf 70' lang='lat' dir='ltr'>inermis</span> <span class='ocrx_word' id='word_1_128' title='bbox 2072 263 2182 308; x_wconf 88' lang='lat' dir='ltr'>inter</span> <span class='ocrx_word' id='word_1_129' title='bbox 2194 279 2258 310; x_wconf 90' lang='lat' dir='ltr'>tot</span> <span class='ocrx_word' id='word_1_130' title='bbox 2275 260 2461 313; x_wconf 82' lang='lat' dir='ltr'>armato-</span> <span class='ocrx_word' id='word_1_131' title='bbox 2474 262 2565 298; x_wconf 59' lang='lat'>“²²⁴³</span> <span class='ocrx_word' id='word_1_132' title='bbox 2579 272 2591 300; x_wconf 35' lang='grc' dir='ltr'>θ’</span> 
     </span>
     <span class='ocr_line' id='line_1_27' title="bbox 1465 320 2581 391; baseline 0.011 -23"><span class='ocrx_word' id='word_1_133' title='bbox 1465 339 1564 368; x_wconf 87' lang='lat' dir='ltr'>rum</span> <span class='ocrx_word' id='word_1_134' title='bbox 1585 320 1822 387; x_wconf 78' lang='lat' dir='ltr'>phalanges</span> <span class='ocrx_word' id='word_1_135' title='bbox 1834 341 2006 372; x_wconf 89' lang='lat' dir='ltr'>tantum</span> <span class='ocrx_word' id='word_1_136' title='bbox 2024 320 2190 373; x_wconf 82' lang='lat' dir='ltr'>facinus</span> <span class='ocrx_word' id='word_1_137' title='bbox 2209 345 2372 391; x_wconf 82' lang='lat' dir='ltr'>patrare</span> <span class='ocrx_word' id='word_1_138' title='bbox 2388 349 2464 377; x_wconf 89' lang='lat' dir='ltr'>co·</span> <span class='ocrx_word' id='word_1_139' title='bbox 2580 341 2581 346; x_wconf 77' lang='grc'>’</span> 
     </span>
     <span class='ocr_line' id='line_1_28' title="bbox 1466 385 2464 452; baseline 0.013 -20"><span class='ocrx_word' id='word_1_140' title='bbox 1466 385 1650 449; x_wconf 70' lang='lat' dir='ltr'>gitasset³</span> <span class='ocrx_word' id='word_1_141' title='bbox 1683 407 1772 451; x_wconf 89' lang='lat' dir='ltr'>quo</span> <span class='ocrx_word' id='word_1_142' title='bbox 1781 390 1976 445; x_wconf 68' lang='lat' dir='ltr'>detesto,</span> <span class='ocrx_word' id='word_1_143' title='bbox 1994 385 2083 452; x_wconf 85' lang='lat' dir='ltr'>ipse</span> <span class='ocrx_word' id='word_1_144' title='bbox 2097 390 2340 444; x_wconf 89' lang='lat' dir='ltr'>decederet.</span> <span class='ocrx_word' id='word_1_145' title='bbox 2376 399 2464 443; x_wconf 90' lang='lat' dir='ltr'>Cur</span> 
     </span>
    </p>

    <p class='ocr_par' dir='ltr' id='par_1_15' title="bbox 1465 452 2591 1113">
     <span class='ocr_line' id='line_1_29' title="bbox 1466 452 2464 515; baseline 0.011 -17"><span class='ocrx_word' id='word_1_146' title='bbox 1466 469 1557 498; x_wconf 92' lang='lat' dir='ltr'>non</span> <span class='ocrx_word' id='word_1_147' title='bbox 1565 455 1711 515; x_wconf 84' lang='lat' dir='ltr'>potius</span> <span class='ocrx_word' id='word_1_148' title='bbox 1720 452 1943 504; x_wconf 76' lang='lat' dir='ltr'>miscuisset</span> <span class='ocrx_word' id='word_1_149' title='bbox 1963 471 2199 504; x_wconf 83' lang='lat' dir='ltr'>venenator</span> <span class='ocrx_word' id='word_1_150' title='bbox 2210 455 2378 508; x_wconf 90' lang='lat' dir='ltr'>lentum</span> <span class='ocrx_word' id='word_1_151' title='bbox 2388 459 2464 508; x_wconf 84' lang='lat' dir='ltr'>ali-</span> 
     </span>
     <span class='ocr_line' id='line_1_30' title="bbox 1466 516 2464 585; baseline 0.01 -22"><span class='ocrx_word' id='word_1_152' title='bbox 1466 516 1599 578; x_wconf 76' lang='lat' dir='ltr'>quid,</span> <span class='ocrx_word' id='word_1_153' title='bbox 1621 517 1741 578; x_wconf 88' lang='lat' dir='ltr'>quod</span> <span class='ocrx_word' id='word_1_154' title='bbox 1751 517 1905 568; x_wconf 82' lang='lat' dir='ltr'>senfim</span> <span class='ocrx_word' id='word_1_155' title='bbox 1921 525 2144 585; x_wconf 89' lang='lat' dir='ltr'>irreperet,</span> <span class='ocrx_word' id='word_1_156' title='bbox 2164 523 2376 572; x_wconf 84' lang='lat' dir='ltr'>&amp;morbo</span> <span class='ocrx_word' id='word_1_157' title='bbox 2385 525 2464 573; x_wconf 86' lang='lat' dir='ltr'>ad-</span> 
     </span>
     <span class='ocr_line' id='line_1_31' title="bbox 1465 580 2589 649; baseline 0.009 -20"><span class='ocrx_word' id='word_1_158' title='bbox 1465 580 1719 630; x_wconf 85' lang='lat' dir='ltr'>fimilaretur</span> <span class='ocrx_word' id='word_1_159' title='bbox 1739 581 1941 635; x_wconf 82' lang='lat' dir='ltr'>fortuito?</span> <span class='ocrx_word' id='word_1_160' title='bbox 1976 584 2464 638; x_wconf 89' lang='lat' dir='ltr'>Calumniamcohone-</span> <span class='ocrx_word' id='word_1_161' title='bbox 2505 581 2589 649; x_wconf 56' lang='lat' dir='ltr'>calc}</span> 
     </span>
     <span class='ocr_line' id='line_1_32' title="bbox 1466 645 2591 718; baseline 0.012 -24"><span class='ocrx_word' id='word_1_162' title='bbox 1466 645 1590 695; x_wconf 83' lang='lat' dir='ltr'>stauit</span> <span class='ocrx_word' id='word_1_163' title='bbox 1601 651 1826 698; x_wconf 86' lang='lat' dir='ltr'>morientis</span> <span class='ocrx_word' id='word_1_164' title='bbox 1838 651 2027 701; x_wconf 58' lang='lat' dir='ltr'>confitsta</span> <span class='ocrx_word' id='word_1_165' title='bbox 2035 651 2258 710; x_wconf 72' lang='lat' dir='ltr'>confessiQ</span> <span class='ocrx_word' id='word_1_166' title='bbox 2272 673 2355 718; x_wconf 89' lang='lat' dir='ltr'>qua</span> <span class='ocrx_word' id='word_1_167' title='bbox 2368 671 2464 718; x_wconf 79' lang='lat' dir='ltr'>par·</span> <span class='ocrx_word' id='word_1_168' title='bbox 2472 653 2536 688; x_wconf 52' lang='grc' dir='ltr'>(ΞΜ</span> <span class='ocrx_word' id='word_1_169' title='bbox 2550 664 2591 708; x_wconf 64' lang='lat'>“2¹</span> 
     </span>
     <span class='ocr_line' id='line_1_33' title="bbox 1466 702 2590 797; baseline 0.008 -37"><span class='ocrx_word' id='word_1_170' title='bbox 1466 717 1616 777; x_wconf 88' lang='lat' dir='ltr'>ticipes</span> <span class='ocrx_word' id='word_1_171' title='bbox 1631 711 1866 777; x_wconf 80' lang='lat' dir='ltr'>authoresq3</span> <span class='ocrx_word' id='word_1_172' title='bbox 1877 717 2077 778; x_wconf 77' lang='lat' dir='ltr'>veneficii</span> <span class='ocrx_word' id='word_1_173' title='bbox 2111 717 2333 767; x_wconf 74' lang='lat' dir='ltr'>Galeacius</span> <span class='ocrx_word' id='word_1_174' title='bbox 2351 702 2590 797; x_wconf 41' lang='lat' dir='ltr'>Prin-sgsssfis,</span> 
     </span>
     <span class='ocr_line' id='line_1_34' title="bbox 1468 776 2588 845; baseline 0.011 -21"><span class='ocrx_word' id='word_1_175' title='bbox 1468 797 1570 842; x_wconf 87' lang='lat' dir='ltr'>ceps</span> <span class='ocrx_word' id='word_1_176' title='bbox 1580 776 1698 826; x_wconf 89' lang='lat' dir='ltr'>vrbis</span> <span class='ocrx_word' id='word_1_177' title='bbox 1734 814 1748 836; x_wconf 92' lang='lat'>,</span> <span class='ocrx_word' id='word_1_178' title='bbox 1780 786 1823 827; x_wconf 89' lang='lat'>&amp;</span> <span class='ocrx_word' id='word_1_179' title='bbox 1834 781 1992 845; x_wconf 88' lang='lat' dir='ltr'>templi</span> <span class='ocrx_word' id='word_1_180' title='bbox 2015 789 2199 833; x_wconf 83' lang='lat' dir='ltr'>maximi</span> <span class='ocrx_word' id='word_1_181' title='bbox 2218 790 2461 834; x_wconf 86' lang='lat' dir='ltr'>Canonicus</span> <span class='ocrx_word' id='word_1_182' title='bbox 2474 801 2588 844; x_wconf 54' lang='lat' dir='ltr'>casarzy</span> 
     </span>
     <span class='ocr_line' id='line_1_35' title="bbox 1468 843 2590 909; baseline 0.013 -22"><span class='ocrx_word' id='word_1_183' title='bbox 1468 844 1639 889; x_wconf 79' lang='lat' dir='ltr'>Ioannes</span> <span class='ocrx_word' id='word_1_184' title='bbox 1649 881 1662 902; x_wconf 89' lang='lat'>,</span> <span class='ocrx_word' id='word_1_185' title='bbox 1680 843 1741 904; x_wconf 57' lang='lat' dir='ltr'>ff*</span> <span class='ocrx_word' id='word_1_186' title='bbox 1750 848 1788 890; x_wconf 88' lang='lat' dir='ltr'><em>A</em></span> <span class='ocrx_word' id='word_1_187' title='bbox 1795 861 1842 896; x_wconf 66' lang='lat'>&lt;⁰</span> <span class='ocrx_word' id='word_1_188' title='bbox 1852 845 2135 909; x_wconf 83' lang='lat' dir='ltr'>vulgabantur</span> <span class='ocrx_word' id='word_1_189' title='bbox 2144 887 2158 909; x_wconf 84' lang='lat'>,</span> <span class='ocrx_word' id='word_1_190' title='bbox 2167 869 2221 899; x_wconf 91' lang='lat' dir='ltr'>ne</span> <span class='ocrx_word' id='word_1_191' title='bbox 2237 850 2462 901; x_wconf 72' lang='lat' dir='ltr'>Ludouicus</span> <span class='ocrx_word' id='word_1_192' title='bbox 2473 852 2514 888; x_wconf 52' lang='grc' dir='ltr'><em>Ψ</em></span> <span class='ocrx_word' id='word_1_193' title='bbox 2528 861 2590 886; x_wconf 73' lang='lat'>&#39;⁹⁶¹&#39;</span> 
     </span>
     <span class='ocr_line' id='line_1_36' title="bbox 1471 908 2550 981; baseline 0.011 -24"><span class='ocrx_word' id='word_1_194' title='bbox 1471 915 1681 958; x_wconf 89' lang='lat' dir='ltr'>omnium</span> <span class='ocrx_word' id='word_1_195' title='bbox 1702 908 1838 958; x_wconf 85' lang='lat' dir='ltr'>oculis</span> <span class='ocrx_word' id='word_1_196' title='bbox 1858 913 2072 973; x_wconf 89' lang='lat' dir='ltr'>impostor</span> <span class='ocrx_word' id='word_1_197' title='bbox 2106 947 2121 966; x_wconf 84' lang='lat'><em>,</em></span> <span class='ocrx_word' id='word_1_198' title='bbox 2154 916 2467 981; x_wconf 82' lang='lat' dir='ltr'>&amp;Sycophan—</span> <span class='ocrx_word' id='word_1_199' title='bbox 2496 909 2550 936; x_wconf 68' lang='lat'>⁶¹⁴⁸</span> 
     </span>
     <span class='ocr_line' id='line_1_37' title="bbox 1469 974 2468 1044; baseline 0.012 -23"><span class='ocrx_word' id='word_1_200' title='bbox 1469 992 1509 1022; x_wconf 90' lang='lat' dir='ltr'>ta</span> <span class='ocrx_word' id='word_1_201' title='bbox 1544 974 1757 1038; x_wconf 89' lang='lat' dir='ltr'>fimulque</span> <span class='ocrx_word' id='word_1_202' title='bbox 1791 993 2030 1025; x_wconf 81' lang='lat' dir='ltr'>venenator</span> <span class='ocrx_word' id='word_1_203' title='bbox 2063 1014 2078 1036; x_wconf 85' lang='lat'>‚</span> <span class='ocrx_word' id='word_1_204' title='bbox 2109 987 2153 1028; x_wconf 89' lang='lat'>&amp;</span> <span class='ocrx_word' id='word_1_205' title='bbox 2175 983 2386 1044; x_wconf 84' lang='lat' dir='ltr'>parricida</span> <span class='ocrx_word' id='word_1_206' title='bbox 2398 990 2468 1033; x_wconf 89' lang='lat' dir='ltr'>vi-</span> 
     </span>
     <span class='ocr_line' id='line_1_38' title="bbox 1469 1038 2468 1113; baseline 0.01 -25"><span class='ocrx_word' id='word_1_207' title='bbox 1469 1038 1642 1089; x_wconf 89' lang='lat' dir='ltr'>lesceret</span> <span class='ocrx_word' id='word_1_208' title='bbox 1681 1040 1903 1091; x_wconf 86' lang='lat' dir='ltr'>familiaris</span> <span class='ocrx_word' id='word_1_209' title='bbox 1942 1039 2003 1090; x_wconf 86' lang='lat' dir='ltr'>sui</span> <span class='ocrx_word' id='word_1_210' title='bbox 2024 1083 2034 1094; x_wconf 87' lang='lat'><strong>.</strong></span> <span class='ocrx_word' id='word_1_211' title='bbox 2080 1047 2280 1107; x_wconf 72' lang='lat' dir='ltr'>Repente</span> <span class='ocrx_word' id='word_1_212' title='bbox 2323 1052 2468 1113; x_wconf 84' lang='lat' dir='ltr'>itaque</span> 
     </span>
    </p>
   </div>
   <div class='ocr_carea' id='block_1_15' title="bbox 1467 1106 2470 1178">
    <p class='ocr_par' dir='ltr' id='par_1_16' title="bbox 1467 1106 2470 1178">
     <span class='ocr_line' id='line_1_39' title="bbox 1467 1106 2470 1178; baseline 0.007 -23"><span class='ocrx_word' id='word_1_213' title='bbox 1467 1106 1775 1174; x_wconf 72' lang='lat' dir='ltr'>comprehensi</span> <span class='ocrx_word' id='word_1_214' title='bbox 1796 1129 1818 1157; x_wconf 88' lang='lat' dir='ltr'>a</span> <span class='ocrx_word' id='word_1_215' title='bbox 1835 1125 2062 1178; x_wconf 87' lang='lat' dir='ltr'>portantur</span> <span class='ocrx_word' id='word_1_216' title='bbox 2081 1113 2128 1160; x_wconf 88' lang='lat' dir='ltr'>in</span> <span class='ocrx_word' id='word_1_217' title='bbox 2146 1128 2290 1162; x_wconf 80' lang='lat' dir='ltr'>arcem</span> <span class='ocrx_word' id='word_1_218' title='bbox 2312 1114 2470 1162; x_wconf 78' lang='lat' dir='ltr'>Galea·</span> 
     </span>
    </p>
   </div>
   <div class='ocr_carea' id='block_1_16' title="bbox 1862 1186 1950 1194">
    <p class='ocr_par' dir='ltr' id='par_1_17' title="bbox 1862 1186 1950 1194">
     <span class='ocr_line' id='line_1_40' title="bbox 1862 1186 1950 1194; baseline 0 2960"><span class='ocrx_word' id='word_1_219' title='bbox 1862 1186 1950 1194; x_wconf 95' lang='lat' dir='ltr'> </span> 
     </span>
    </p>
   </div>
   <div class='ocr_carea' id='block_1_17' title="bbox 1868 1206 2352 1216">
    <p class='ocr_par' dir='ltr' id='par_1_18' title="bbox 1868 1206 2352 1216">
     <span class='ocr_line' id='line_1_41' title="bbox 1868 1206 2352 1216; baseline 0 -7"><span class='ocrx_word' id='word_1_220' title='bbox 1868 1206 2352 1216; x_wconf 95' lang='lat' dir='ltr'>  </span> <span class='ocrx_word' id='word_1_221' title='bbox 1948 1206 2352 1209; x_wconf 95' lang='lat' dir='ltr'> </span> 
     </span>
    </p>
   </div>
   <div class='ocr_carea' id='block_1_18' title="bbox 1762 1193 2331 1337">
    <p class='ocr_par' dir='ltr' id='par_1_19' title="bbox 1762 1193 2331 1337">
     <span class='ocr_line' id='line_1_42' title="bbox 1762 1193 2328 1261; baseline 0 -18"><span class='ocrx_word' id='word_1_222' title='bbox 1762 1210 1765 1212; x_wconf 78' lang='grc'><em>“</em></span> <span class='ocrx_word' id='word_1_223' title='bbox 1795 1212 1823 1243; x_wconf 53' lang='grc' dir='ltr'>’ς</span> <span class='ocrx_word' id='word_1_224' title='bbox 1890 1207 1891 1211; x_wconf 78' lang='grc'>’</span> <span class='ocrx_word' id='word_1_225' title='bbox 1911 1219 1922 1221; x_wconf 53' lang='grc'>·’</span> <span class='ocrx_word' id='word_1_226' title='bbox 1982 1193 2058 1244; x_wconf 31' lang='lat'>”5</span> <span class='ocrx_word' id='word_1_227' title='bbox 2091 1232 2108 1242; x_wconf 30' lang='grc' dir='ltr'>χ</span> <span class='ocrx_word' id='word_1_228' title='bbox 2318 1204 2328 1261; x_wconf 54' lang='lat' dir='ltr'>&lt;l</span> 
     </span>
     <span class='ocr_line' id='line_1_43' title="bbox 1858 1251 2323 1284; baseline 0 0"><span class='ocrx_word' id='word_1_229' title='bbox 1858 1275 1881 1281; x_wconf 35' lang='lat' dir='ltr'>a&gt;</span> <span class='ocrx_word' id='word_1_230' title='bbox 1895 1258 1961 1284; x_wconf 21' lang='lat' dir='ltr'>*aa*</span> <span class='ocrx_word' id='word_1_231' title='bbox 2319 1251 2323 1277; x_wconf 70' lang='grc' dir='ltr'>ἱ</span> 
     </span>
     <span class='ocr_line' id='line_1_44' title="bbox 1801 1302 2331 1337; baseline -0.002 -4"><span class='ocrx_word' id='word_1_232' title='bbox 1801 1318 1811 1333; x_wconf 73' lang='lat' dir='ltr'><em>s</em></span> <span class='ocrx_word' id='word_1_233' title='bbox 1824 1304 1891 1321; x_wconf 47' lang='lat'>“⁷²⁸“</span> <span class='ocrx_word' id='word_1_234' title='bbox 1958 1303 1973 1332; x_wconf 58' lang='grc' dir='ltr'>ζ</span> <span class='ocrx_word' id='word_1_235' title='bbox 1986 1302 2010 1337; x_wconf 62' lang='grc' dir='ltr'>ἶ,</span> <span class='ocrx_word' id='word_1_236' title='bbox 2327 1314 2331 1326; x_wconf 62' lang='lat' dir='ltr'>v</span> 
     </span>
    </p>
   </div>
   <div class='ocr_carea' id='block_1_19' title="bbox 1920 2897 2177 2902">
    <p class='ocr_par' dir='ltr' id='par_1_20' title="bbox 1920 2897 2177 2902">
     <span class='ocr_line' id='line_1_45' title="bbox 1920 2897 2177 2902; baseline 0 0"><span class='ocrx_word' id='word_1_237' title='bbox 1920 2897 2177 2902; x_wconf 95' lang='lat' dir='ltr'> </span> 
     </span>
    </p>
   </div>
   <div class='ocr_carea' id='block_1_20' title="bbox 1465 2930 2464 3199">
    <p class='ocr_par' dir='ltr' id='par_1_21' title="bbox 1465 2930 2464 3199">
     <span class='ocr_line' id='line_1_46' title="bbox 1465 2930 2464 2998; baseline 0.002 -18"><span class='ocrx_word' id='word_1_238' title='bbox 1465 2937 1554 2981; x_wconf 89' lang='lat' dir='ltr'>cim</span> <span class='ocrx_word' id='word_1_239' title='bbox 1566 2930 1784 2998; x_wconf 76' lang='lat' dir='ltr'>proesentia</span> <span class='ocrx_word' id='word_1_240' title='bbox 1795 2953 2077 2985; x_wconf 87' lang='lat' dir='ltr'>numerarunt</span> <span class='ocrx_word' id='word_1_241' title='bbox 2109 2973 2124 2994; x_wconf 84' lang='grc'>,</span> <span class='ocrx_word' id='word_1_242' title='bbox 2157 2952 2205 2984; x_wconf 85' lang='lat' dir='ltr'>vt</span> <span class='ocrx_word' id='word_1_243' title='bbox 2217 2939 2262 2980; x_wconf 87' lang='lat' dir='ltr'>in</span> <span class='ocrx_word' id='word_1_244' title='bbox 2272 2930 2464 2981; x_wconf 77' lang='lat' dir='ltr'>custodia</span> 
     </span>
     <span class='ocr_line' id='line_1_47' title="bbox 1465 2998 2462 3067; baseline 0 -21"><span class='ocrx_word' id='word_1_245' title='bbox 1465 2998 1612 3057; x_wconf 84' lang='lat' dir='ltr'>futuri,</span> <span class='ocrx_word' id='word_1_246' title='bbox 1621 3000 1761 3050; x_wconf 93' lang='lat' dir='ltr'>donec</span> <span class='ocrx_word' id='word_1_247' title='bbox 1772 3001 1990 3066; x_wconf 84' lang='lat' dir='ltr'>reliquum</span> <span class='ocrx_word' id='word_1_248' title='bbox 2007 3002 2257 3067; x_wconf 85' lang='lat' dir='ltr'>penderent:</span> <span class='ocrx_word' id='word_1_249' title='bbox 2269 3015 2373 3044; x_wconf 89' lang='lat' dir='ltr'>cum</span> <span class='ocrx_word' id='word_1_250' title='bbox 2385 3017 2462 3046; x_wconf 65' lang='lat' dir='ltr'>ve-</span> 
     </span>
     <span class='ocr_line' id='line_1_48' title="bbox 1465 3060 2461 3119; baseline -0.001 -7"><span class='ocrx_word' id='word_1_251' title='bbox 1465 3062 1513 3112; x_wconf 75' lang='lat' dir='ltr'>ro</span> <span class='ocrx_word' id='word_1_252' title='bbox 1523 3084 1566 3111; x_wconf 90' lang='lat' dir='ltr'>re</span> <span class='ocrx_word' id='word_1_253' title='bbox 1573 3063 1692 3115; x_wconf 69' lang='lat' dir='ltr'>misse}</span> <span class='ocrx_word' id='word_1_254' title='bbox 1704 3069 2040 3119; x_wconf 86' lang='lat' dir='ltr'>custodirentur,</span> <span class='ocrx_word' id='word_1_255' title='bbox 2052 3060 2179 3110; x_wconf 84' lang='lat' dir='ltr'>facile</span> <span class='ocrx_word' id='word_1_256' title='bbox 2194 3066 2312 3109; x_wconf 90' lang='lat' dir='ltr'>viam</span> <span class='ocrx_word' id='word_1_257' title='bbox 2322 3062 2377 3110; x_wconf 84' lang='lat' dir='ltr'>ad</span> <span class='ocrx_word' id='word_1_258' title='bbox 2391 3062 2461 3111; x_wconf 79' lang='lat' dir='ltr'>fu·-</span> 
     </span>
     <span class='ocr_line' id='line_1_49' title="bbox 1466 3129 2463 3199; baseline -0.002 -23"><span class='ocrx_word' id='word_1_259' title='bbox 1466 3148 1569 3194; x_wconf 84' lang='lat' dir='ltr'>gam</span> <span class='ocrx_word' id='word_1_260' title='bbox 1590 3136 1813 3182; x_wconf 76' lang='lat' dir='ltr'>inuenere,</span> <span class='ocrx_word' id='word_1_261' title='bbox 1849 3129 2071 3176; x_wconf 76' lang='lat' dir='ltr'>Galeacz&#39;us</span> <span class='ocrx_word' id='word_1_262' title='bbox 2082 3131 2127 3174; x_wconf 89' lang='lat' dir='ltr'>in</span> <span class='ocrx_word' id='word_1_263' title='bbox 2148 3145 2365 3175; x_wconf 84' lang='lat' dir='ltr'>carcerem</span> <span class='ocrx_word' id='word_1_264' title='bbox 2387 3147 2463 3199; x_wconf 60' lang='lat' dir='ltr'>co-T</span> 
     </span>
    </p>
   </div>
   <div class='ocr_carea' id='block_1_21' title="bbox 426 3188 2459 3258">
    <p class='ocr_par' dir='ltr' id='par_1_22' title="bbox 426 3188 2459 3258">
     <span class='ocr_line' id='line_1_50' title="bbox 426 3188 2459 3258; baseline 0.002 -22"><span class='ocrx_word' id='word_1_265' title='bbox 426 3188 625 3240; x_wconf 87' lang='lat' dir='ltr'>fraudem</span> <span class='ocrx_word' id='word_1_266' title='bbox 634 3189 788 3240; x_wconf 74' lang='lat' dir='ltr'>subesse</span> <span class='ocrx_word' id='word_1_267' title='bbox 802 3209 970 3256; x_wconf 87' lang='lat' dir='ltr'>putaret</span> <span class='ocrx_word' id='word_1_268' title='bbox 980 3229 993 3250; x_wconf 83' lang='grc'>,</span> <span class='ocrx_word' id='word_1_269' title='bbox 1002 3211 1174 3241; x_wconf 91' lang='lat' dir='ltr'>morem</span> <span class='ocrx_word' id='word_1_270' title='bbox 1185 3212 1275 3240; x_wconf 90' lang='lat' dir='ltr'>non</span> <span class='ocrx_word' id='word_1_271' title='bbox 1285 3192 1416 3258; x_wconf 83' lang='lat' dir='ltr'>geffit.</span> <span class='ocrx_word' id='word_1_272' title='bbox 1467 3198 1631 3244; x_wconf 63' lang='lat' dir='ltr'>nietstus</span> <span class='ocrx_word' id='word_1_273' title='bbox 1642 3196 1724 3246; x_wconf 88' lang='lat' dir='ltr'>fuit</span> <span class='ocrx_word' id='word_1_274' title='bbox 1737 3235 1753 3255; x_wconf 84' lang='lat'><em>,</em></span> <span class='ocrx_word' id='word_1_275' title='bbox 1786 3211 1917 3258; x_wconf 88' lang='lat' dir='ltr'>quem</span> <span class='ocrx_word' id='word_1_276' title='bbox 1927 3190 1982 3240; x_wconf 87' lang='lat' dir='ltr'>ab</span> <span class='ocrx_word' id='word_1_277' title='bbox 2004 3190 2106 3240; x_wconf 92' lang='lat' dir='ltr'>hinc</span> <span class='ocrx_word' id='word_1_278' title='bbox 2118 3196 2307 3241; x_wconf 87' lang='lat' dir='ltr'>triennio</span> <span class='ocrx_word' id='word_1_279' title='bbox 2321 3194 2362 3236; x_wconf 86' lang='lat' dir='ltr'><em>F</em></span> <span class='ocrx_word' id='word_1_280' title='bbox 2364 3210 2459 3239; x_wconf 79' lang='lat' dir='ltr'>urm</span> 
     </span>
    </p>
   </div>
   <div class='ocr_carea' id='block_1_22' title="bbox 427 3257 1420 3646">
    <p class='ocr_par' dir='ltr' id='par_1_23' title="bbox 427 3257 1420 3646">
     <span class='ocr_line' id='line_1_51' title="bbox 427 3257 1420 3319; baseline 0.005 -17"><span class='ocrx_word' id='word_1_281' title='bbox 427 3257 588 3304; x_wconf 81' lang='lat' dir='ltr'>Eadem</span> <span class='ocrx_word' id='word_1_282' title='bbox 602 3258 839 3306; x_wconf 85' lang='lat' dir='ltr'>constantia</span> <span class='ocrx_word' id='word_1_283' title='bbox 858 3261 1077 3303; x_wconf 72' lang='lat' dir='ltr'>fBeatrtcem</span> <span class='ocrx_word' id='word_1_284' title='bbox 1092 3257 1283 3319; x_wconf 76' lang='lat' dir='ltr'>Galeacij</span> <span class='ocrx_word' id='word_1_285' title='bbox 1315 3279 1420 3307; x_wconf 86' lang='lat' dir='ltr'>vxo-</span> 
     </span>
     <span class='ocr_line' id='line_1_52' title="bbox 427 3321 1420 3388; baseline 0.004 -20"><span class='ocrx_word' id='word_1_286' title='bbox 427 3337 534 3375; x_wconf 87' lang='lat' dir='ltr'>rem,</span> <span class='ocrx_word' id='word_1_287' title='bbox 544 3328 585 3367; x_wconf 61' lang='grc' dir='ltr'>ὃ(</span> <span class='ocrx_word' id='word_1_288' title='bbox 596 3321 850 3368; x_wconf 78' lang='lat' dir='ltr'>Richardam</span> <span class='ocrx_word' id='word_1_289' title='bbox 862 3322 998 3372; x_wconf 86' lang='lat' dir='ltr'>filiam</span> <span class='ocrx_word' id='word_1_290' title='bbox 1010 3322 1214 3388; x_wconf 82' lang='lat' dir='ltr'>lacrymis</span> <span class='ocrx_word' id='word_1_291' title='bbox 1233 3325 1420 3373; x_wconf 88' lang='lat' dir='ltr'>deditio-</span> 
     </span>
     <span class='ocr_line' id='line_1_53' title="bbox 428 3390 1419 3446; baseline 0.007 -14"><span class='ocrx_word' id='word_1_292' title='bbox 428 3402 534 3432; x_wconf 89' lang='lat' dir='ltr'>nem</span> <span class='ocrx_word' id='word_1_293' title='bbox 544 3402 737 3446; x_wconf 83' lang='lat' dir='ltr'>vrgentes</span> <span class='ocrx_word' id='word_1_294' title='bbox 750 3424 763 3444; x_wconf 87' lang='lat'>,</span> <span class='ocrx_word' id='word_1_295' title='bbox 782 3392 952 3436; x_wconf 80' lang='lat' dir='ltr'>reiecit:</span> <span class='ocrx_word' id='word_1_296' title='bbox 975 3390 1116 3438; x_wconf 90' lang='lat' dir='ltr'>donec</span> <span class='ocrx_word' id='word_1_297' title='bbox 1127 3394 1248 3437; x_wconf 88' lang='lat' dir='ltr'>certis</span> <span class='ocrx_word' id='word_1_298' title='bbox 1268 3396 1419 3439; x_wconf 90' lang='lat' dir='ltr'>conui-</span> 
     </span>
     <span class='ocr_line' id='line_1_54' title="bbox 428 3451 1419 3512; baseline 0.008 -16"><span class='ocrx_word' id='word_1_299' title='bbox 428 3451 520 3496; x_wconf 63' lang='lat' dir='ltr'>dtus</span> <span class='ocrx_word' id='word_1_300' title='bbox 530 3456 790 3512; x_wconf 85' lang='lat' dir='ltr'>argumentis</span> <span class='ocrx_word' id='word_1_301' title='bbox 804 3488 818 3508; x_wconf 87' lang='lat'><em>‚</em></span> <span class='ocrx_word' id='word_1_302' title='bbox 839 3473 932 3501; x_wconf 85' lang='lat' dir='ltr'>arce</span> <span class='ocrx_word' id='word_1_303' title='bbox 943 3456 1093 3503; x_wconf 87' lang='lat' dir='ltr'>tradita</span> <span class='ocrx_word' id='word_1_304' title='bbox 1105 3492 1118 3512; x_wconf 88' lang='lat'>‚</span> <span class='ocrx_word' id='word_1_305' title='bbox 1137 3460 1419 3504; x_wconf 90' lang='lat' dir='ltr'>Patronorum</span> 
     </span>
     <span class='ocr_line' id='line_1_55' title="bbox 429 3513 1420 3585; baseline 0.007 -22"><span class='ocrx_word' id='word_1_306' title='bbox 429 3513 607 3564; x_wconf 78' lang='lat' dir='ltr'>salutem</span> <span class='ocrx_word' id='word_1_307' title='bbox 617 3513 819 3563; x_wconf 88' lang='lat' dir='ltr'>redemit.</span> <span class='ocrx_word' id='word_1_308' title='bbox 854 3519 1238 3578; x_wconf 50' lang='grc' dir='ltr'>1.,ιιεὴιἠιι.τ,ῇἈζο</span> <span class='ocrx_word' id='word_1_309' title='bbox 1247 3525 1420 3585; x_wconf 85' lang='lat' dir='ltr'>viginti-</span> 
     </span>
     <span class='ocr_line' id='line_1_56' title="bbox 430 3581 1420 3646; baseline 0.01 -18"><span class='ocrx_word' id='word_1_310' title='bbox 430 3585 621 3645; x_wconf 90' lang='lat' dir='ltr'>quinque</span> <span class='ocrx_word' id='word_1_311' title='bbox 632 3596 860 3628; x_wconf 86' lang='lat' dir='ltr'>aureorum</span> <span class='ocrx_word' id='word_1_312' title='bbox 870 3581 1063 3643; x_wconf 84' lang='lat' dir='ltr'>millibus</span> <span class='ocrx_word' id='word_1_313' title='bbox 1075 3585 1268 3646; x_wconf 75' lang='lat' dir='ltr'>multati,</span> <span class='ocrx_word' id='word_1_314' title='bbox 1276 3586 1420 3638; x_wconf 81' lang='lat' dir='ltr'>sexde—</span> 
     </span>
    </p>
   </div>
   <div class='ocr_carea' id='block_1_23' title="bbox 1467 3257 2459 3697">
    <p class='ocr_par' dir='ltr' id='par_1_24' title="bbox 1467 3257 2459 3697">
     <span class='ocr_line' id='line_1_57' title="bbox 1467 3257 2459 3324; baseline -0.002 -16"><span class='ocrx_word' id='word_1_315' title='bbox 1467 3268 1650 3310; x_wconf 91' lang='lat' dir='ltr'>nomine</span> <span class='ocrx_word' id='word_1_316' title='bbox 1671 3261 1885 3324; x_wconf 86' lang='lat' dir='ltr'>infignem</span> <span class='ocrx_word' id='word_1_317' title='bbox 1918 3257 2200 3306; x_wconf 87' lang='lat' dir='ltr'>condiderat:</span> <span class='ocrx_word' id='word_1_318' title='bbox 2232 3265 2459 3308; x_wconf 88' lang='lat' dir='ltr'>ominante</span> 
     </span>
     <span class='ocr_line' id='line_1_58' title="bbox 1468 3321 2457 3393; baseline -0.006 -16"><span class='ocrx_word' id='word_1_319' title='bbox 1468 3327 1599 3393; x_wconf 88' lang='lat' dir='ltr'>plebe</span> <span class='ocrx_word' id='word_1_320' title='bbox 1614 3367 1629 3387; x_wconf 85' lang='lat'><strong><em>,</em></strong></span> <span class='ocrx_word' id='word_1_321' title='bbox 1647 3325 1737 3375; x_wconf 90' lang='lat' dir='ltr'>fore</span> <span class='ocrx_word' id='word_1_322' title='bbox 1749 3362 1762 3382; x_wconf 88' lang='lat'>,</span> <span class='ocrx_word' id='word_1_323' title='bbox 1779 3321 1921 3387; x_wconf 90' lang='lat' dir='ltr'>vtipse</span> <span class='ocrx_word' id='word_1_324' title='bbox 1936 3328 2102 3387; x_wconf 84' lang='lat' dir='ltr'>primus</span> <span class='ocrx_word' id='word_1_325' title='bbox 2113 3328 2158 3371; x_wconf 89' lang='lat' dir='ltr'>in</span> <span class='ocrx_word' id='word_1_326' title='bbox 2169 3343 2223 3371; x_wconf 88' lang='lat' dir='ltr'>eo</span> <span class='ocrx_word' id='word_1_327' title='bbox 2240 3322 2370 3373; x_wconf 86' lang='lat' dir='ltr'>furno</span> <span class='ocrx_word' id='word_1_328' title='bbox 2381 3343 2457 3372; x_wconf 94' lang='lat' dir='ltr'>co-</span> 
     </span>
     <span class='ocr_line' id='line_1_59' title="bbox 1468 3387 2455 3457; baseline -0.006 -15"><span class='ocrx_word' id='word_1_329' title='bbox 1468 3411 1680 3457; x_wconf 85' lang='lat' dir='ltr'>queretur.</span> <span class='ocrx_word' id='word_1_330' title='bbox 1714 3395 1853 3455; x_wconf 86' lang='lat' dir='ltr'>Capta</span> <span class='ocrx_word' id='word_1_331' title='bbox 1876 3387 1932 3437; x_wconf 82' lang='lat' dir='ltr'>fic</span> <span class='ocrx_word' id='word_1_332' title='bbox 1949 3392 2270 3437; x_wconf 89' lang='lat' dir='ltr'>Vicecomitum</span> <span class='ocrx_word' id='word_1_333' title='bbox 2291 3391 2455 3446; x_wconf 92' lang='lat' dir='ltr'>domo,</span> 
     </span>
     <span class='ocr_line' id='line_1_60' title="bbox 1468 3453 2455 3524; baseline -0.009 -15"><span class='ocrx_word' id='word_1_334' title='bbox 1468 3465 1797 3524; x_wconf 86' lang='lat' dir='ltr'>principatuque</span> <span class='ocrx_word' id='word_1_335' title='bbox 1833 3453 1978 3502; x_wconf 90' lang='lat' dir='ltr'>deleto</span> <span class='ocrx_word' id='word_1_336' title='bbox 2010 3458 2057 3502; x_wconf 91' lang='lat' dir='ltr'>in</span> <span class='ocrx_word' id='word_1_337' title='bbox 2087 3460 2148 3501; x_wconf 84' lang='lat' dir='ltr'>ius</span> <span class='ocrx_word' id='word_1_338' title='bbox 2166 3460 2342 3518; x_wconf 84' lang='lat' dir='ltr'>Imperij</span> <span class='ocrx_word' id='word_1_339' title='bbox 2362 3472 2455 3502; x_wconf 90' lang='lat' dir='ltr'>rem</span> 
     </span>
     <span class='ocr_line' id='line_1_61' title="bbox 1468 3515 2458 3573; baseline -0.01 0"><span class='ocrx_word' id='word_1_340' title='bbox 1468 3542 1653 3573; x_wconf 89' lang='lat' dir='ltr'>omnem</span> <span class='ocrx_word' id='word_1_341' title='bbox 1670 3515 2040 3569; x_wconf 86' lang='lat' dir='ltr'>Mediolanensem</span> <span class='ocrx_word' id='word_1_342' title='bbox 2067 3525 2246 3568; x_wconf 87' lang='lat' dir='ltr'>Bauarus</span> <span class='ocrx_word' id='word_1_343' title='bbox 2265 3520 2458 3570; x_wconf 86' lang='lat' dir='ltr'>vindica-</span> 
     </span>
     <span class='ocr_line' id='line_1_62' title="bbox 1468 3582 2454 3654; baseline -0.008 -18"><span class='ocrx_word' id='word_1_344' title='bbox 1468 3596 1531 3640; x_wconf 80' lang='lat' dir='ltr'>uit</span> <span class='ocrx_word' id='word_1_345' title='bbox 1542 3632 1553 3641; x_wconf 84' lang='grc'><em>,</em></span> <span class='ocrx_word' id='word_1_346' title='bbox 1587 3591 1753 3651; x_wconf 86' lang='lat' dir='ltr'>Viginti</span> <span class='ocrx_word' id='word_1_347' title='bbox 1763 3602 1945 3651; x_wconf 84' lang='lat' dir='ltr'>quatuor</span> <span class='ocrx_word' id='word_1_348' title='bbox 1955 3584 2061 3649; x_wconf 85' lang='lat' dir='ltr'>legit</span> <span class='ocrx_word' id='word_1_349' title='bbox 2069 3586 2124 3635; x_wconf 87' lang='lat' dir='ltr'>ad</span> <span class='ocrx_word' id='word_1_350' title='bbox 2136 3584 2249 3654; x_wconf 63' lang='lat' dir='ltr'>vrbis</span> <span class='ocrx_word' id='word_1_351' title='bbox 2259 3582 2454 3641; x_wconf 89' lang='lat' dir='ltr'>tutelam,</span> 
     </span>
     <span class='ocr_line' id='line_1_63' title="bbox 2345 3664 2394 3697; baseline -0.061 0"><span class='ocrx_word' id='word_1_352' title='bbox 2345 3664 2394 3697; x_wconf 78' lang='lat' dir='ltr'>vt</span> 
     </span>
    </p>
   </div>
  </div>
 </body>
</html>
