2644 4154
456 239 520 288 ⁷8
675 220 963 287 Albertus
973 214 1018 278 Ι.
1036 204 1494 285 Triumphatof.
1530 206 1892 288 Occidffmi).
1907 207 2149 275 XXXI.

1013 309 1159 354 Tanto
1182 301 1323 349 funeri
1339 300 1534 364 praeluxit
1546 307 1749 352 Cometes
1760 341 1775 364 ,

1054 372 1147 430 Qi
1163 365 1303 414 soluto
1326 366 1380 413 ad
1400 364 1569 414 lustum
1587 372 1704 416 crine
1717 407 1730 427 ‚

1009 430 1130 481 Visus
1141 449 1297 478 necem
1315 432 1607 495 praenuntiassc
1618 437 1773 481 inuitus
1785 474 1794 483 .

916 495 1135 545 occubuit
1144 533 1156 553 ,
1167 513 1313 544 tamen
1324 532 1337 555 ,
1355 514 1445 543 non
1457 495 1690 559 procubuit
1699 496 1885 545 Albertus

792 567 888 613 Nec
897 581 988 610 vno
996 560 1171 610 vulnere
1181 599 1194 619 ,
1206 579 1252 609 vt
1265 578 1431 624 magna:
1450 566 1603 608 animae
1619 580 1783 624 pateret
1793 561 2000 627 aegress'usss

883 633 998 675 Stans
1008 632 1248 691 Imperator
1267 642 1457 674 mortem
1477 632 1721 689 accepit‚ac
1734 633 1903 676 terruit,

850 697 1060 757 Spiritum
1080 691 1207 740 essans
1219 690 1435 756 Regicidis
1444 689 1540 753 ipfis
1553 689 1881 741 formidabilem
1892 729 1904 740 .

944 762 1085 806 Manu
1106 754 1405 813 transfoditur,
1424 773 1555 819 quam
1568 757 1842 814 educaumur,

937 823 1109 871 Testata
1130 840 1253 871 mora
1263 841 1354 870 non
1372 819 1512 878 aliter,
1537 825 1581 868 in
1605 839 1708 870 eum
1718 822 1873 870 audere

880 890 975 950 Qi
984 905 1049 937 tot
1063 887 1230 954 palmas
1240 903 1555 945 uulnerauemt,
1567 904 1673 951 quot
1681 890 1878 937 vidior-ias
1891 882 1908 931 ξ

1359 950 1440 1001 Vei

260 999 429 1099 ςφξξὲ·
437 1061 510 1092 cum
882 1017 1072 1067 Occulto
1091 1018 1254 1066 iudicio
1272 1015 1648 1081 Adolphz'animam
1657 1033 1878 1081 repetente
1888 1013 1903 1065 ζ

213 1100 369 1152 adolpho
407 1101 489 1150 hoste
912 1084 1069 1132 Hostes
1080 1088 1124 1131 in
1145 1082 1339 1131 thalamo
1356 1119 1370 1140 ,
1405 1079 1587 1146 hospites
1607 1087 1651 1129 in
1665 1080 1839 1131 tumulo
1852 1119 1866 1140 ‚
2117 1143 2129 1148 „

219 1161 287 1202 ‚¹¹⁰-
703 1151 1053 1198 nocontinentur
1097 1168 1119 1195 a
1141 1166 1240 1206 mo,
1292 1152 1335 1195 ui
1358 1151 1422 1195 Or
1455 1152 1652 1195 isconten
1687 1165 1708 1194 e
1743 1164 1816 1195 ant
1837 1166 1860 1195 a
1943 1166 1965 1194 a
1984 1159 2127 1194 mam.

207 1151 236 1201 Ῑ
657 1148 703 1198 V
1061 1167 1094 1213 p
1122 1147 1135 1197 l
1261 1166 1290 1211 q
1424 1145 1452 1194 b
1655 1147 1684 1195 d
1712 1146 1740 1196 b
1864 1146 1939 1211 dp
1968 1145 1981 1194 l

1070 1219 1119 1263 In
1133 1212 1307 1262 tumulo
1335 1230 1466 1260 nemo
1485 1213 1675 1260 tumidus
1691 1238 1704 1272 3

1266 1274 1456 1322 Alherttcs

655 1344 794 1410 Qrod
806 1363 896 1394 non
906 1346 1084 1411 agnouit
1103 1348 1147 1392 in
1160 1361 1285 1390 arena
1295 1345 1443 1389 Martis
1452 1380 1464 1399 ,
1485 1346 1694 1407 cognouit
1703 1347 1748 1392 in
1755 1340 1935 1408 puluere
1943 1342 2098 1390 Mortis
2108 1375 2124 1399 ‚

1199 1411 1309 1452 Deos
1334 1405 1454 1468 ficbdi
1475 1413 1558 1453 Deo
1571 1448 1581 1457 .

1181 1470 1328 1535 Iusque
1340 1478 1510 1535 Regum
1530 1473 1606 1521 effe

812 1541 1103 1603 Cognitorem
1122 1572 1137 1593 ,
1154 1535 1365 1594 vitorem,
1386 1542 1429 1583 ἃς
1444 1537 1633 1585 iudicem
1647 1535 1805 1585 habere
1814 1542 1966 1586 Deum

983 1608 1088 1651 Hoc
1118 1606 1390 1649 Sacramento
1406 1598 1570 1650 securus
1587 1600 1799 1658 Albertus‚

1042 1672 1182 1736 Prope
1202 1665 1379 1730 culpam
1401 1684 1534 1730 poena
1545 1663 1743 1729 quiescit,

783 1730 919 1795 Qasi
930 1732 1094 1780 caedem
1110 1731 1228 1779 suam
1240 1733 1414 1780 Nemefi
1424 1731 1667 1780 ostenderet
1688 1736 1732 1779 in
1744 1726 1997 1793 exemplum
2008 1729 2023 1781 .’

750 1799 804 1860 Et
812 1804 921 1848 inter
935 1815 1084 1846 manes
1103 1813 1288 1845 manum
1298 1801 1483 1846 Domini
1491 1793 1685 1862 posceret
1702 1801 1749 1847 in
1768 1796 2027 1858 vindidkam.

2171 3683 2321 3760 CA}
