2644 4154
513 173 603 215 192

264 236 336 263 ’ΨΧ
346 235 361 267 3
368 223 414 262 ²8
423 241 495 299 est,
509 248 701 291 loannem
714 246 970 294 Pontificem
983 239 1199 289 vocabulo
1214 241 1424 297 Herodiss

425 309 686 367 Cardinales,
699 308 963 363 Patriarchas,
976 326 1023 352 ac
1038 305 1222 368 reliquos
1232 304 1424 353 Praelatos

422 373 550 422 titulo
563 375 703 438 plebis
716 372 834 421 irrifit
845 373 1021 420 Iudaica:
1034 410 1043 418 .
1079 375 1306 418 Concione
1326 369 1424 418 fini-

417 456 458 487 ta
468 476 481 497 ,
494 439 604 487 iussit
614 438 756 487 denuo
767 442 931 484 recitari
944 436 1165 483 decretum
1188 435 1241 482 de
1245 434 1419 498 politio-

416 509 481 553 nis
493 509 546 552 lo:
561 506 696 550 XXII.
717 510 877 549 &cum
898 498 1080 550 clausula
1098 499 1171 548 illa
1196 498 1422 565 legeretur,

420 567 471 614 ab
484 567 689 630 vtriusque
711 565 861 611 ordinis
882 564 1111 611 Oratoribus
1135 565 1324 627 Caefizrem
1349 563 1419 628 effe

421 632 730 697 interpellatum,
748 643 816 675 fvt
824 631 1060 696 Pontzficem
1071 629 1149 675 loco
1174 644 1366 688 moueret,
1377 637 1422 679 in

296 714 379 741 cxv.
407 696 611 752 ,concilio
645 694 982 759 malignantium
1010 712 1201 760 repertus
1222 696 1283 744 est
1315 714 1422 744 vnus

305 746 412 836 ῗαωῇἕ
422 759 583 807 Iasobus
598 759 836 806 columnz‘us
847 798 860 818 ,
883 766 955 825 qui
967 760 1113 810 zelum
1123 760 1345 809 :emulatus
1357 767 1421 809 Io—

262 815 411 878 illistr—
423 824 540 890 lephi
552 824 606 874 ab
619 825 882 889 Arimathaea
905 864 918 884 ,
953 846 1102 875 coram
1117 833 1241 876 omni
1250 826 1424 892 populo

258 921 285 940 s
320 891 620 939 ‘vontiaudaeter
630 888 746 938 ausus
759 892 820 941 est
838 890 1241 956 quiritari,Ludouict
1253 888 1422 941 consul-

258 947 357 987 ficem.
417 975 528 1005 tores
540 954 647 1004 falso
661 963 705 1004 in
720 956 884 1006 tabulas
904 957 1082 1007 retulisle
1096 997 1108 1017 ,
1132 959 1186 1005 ab
1197 957 1423 1022 ewriufique

418 1023 575 1068 ordinis
588 1021 809 1067 oratorzbus
819 1037 1001 1069 exortum
1012 1022 1128 1073 fuiffe
1147 1023 1399 1070 Ludouz'cum
1410 1055 1424 1073 ,

424 1107 473 1137 vt
484 1087 742 1136 Pontificem
758 1087 857 1138 loco
869 1088 1174 1139 moueret:latis
1190 1097 1310 1139 enim
1320 1107 1425 1138 con-

421 1154 524 1203 stare
539 1160 743 1218 primaria
769 1153 1037 1204 sacerdotum
1057 1154 1244 1219 collegia
1272 1193 1286 1213 ,
1318 1163 1425 1204 &ex

421 1218 647 1283 Religiosis
660 1218 833 1276 familijs
846 1225 1069 1284 optimum
1082 1239 1424 1285 quemque7con—

417 1283 528 1332 sulto
550 1283 651 1332 vrbe
663 1284 801 1344 abijss'e
813 1304 889 1342 ,ne
901 1302 1025 1334 tantse
1039 1285 1227 1335 foeditati
1245 1284 1424 1349 praesen-

418 1355 477 1397 tia
488 1349 612 1396 strum
625 1351 870 1398 viderentur
880 1351 1077 1399 cociliare
1101 1353 1404 1401 testimonium
1414 1392 1423 1401 .

422 1420 580 1474 Fecem
591 1414 816 1477 reliquam,
832 1435 923 1478 quae
936 1422 979 1463 in
993 1417 1097 1465 vrbe
1109 1419 1424 1481 supererat,vna

408 1488 461 1528 ἃ
483 1479 768 1527 schilmaticos
803 1518 815 1537 ,
850 1480 1060 1544 atemplo
1069 1488 1226 1546 pariter
1238 1519 1250 1539 ,
1269 1491 1312 1531 ὃς
1325 1481 1423 1530 foro

415 1544 638 1593 submotos
650 1549 872 1608 incapaces
886 1546 962 1594 effe
974 1584 986 1603 ‚
1005 1554 1048 1594 &
1063 1547 1308 1611 prohibitos
1321 1567 1420 1595 om-

412 1615 459 1656 ni
475 1615 561 1656 iure
575 1609 725 1657 diuino
737 1647 749 1666 ,
765 1618 808 1658 &
821 1609 1018 1660 humano
1029 1613 1169 1661 standi
1180 1617 1225 1660 in
1236 1613 1399 1660 iudicio
1411 1650 1420 1660 .

413 1675 463 1722 Id
476 1673 515 1721 se
532 1680 661 1722 etiam
677 1674 825 1723 duello
835 1675 995 1724 arbitro
1005 1716 1018 1736 ,
1028 1676 1059 1726 fi
1070 1684 1162 1741 quis
1173 1676 1278 1726 velit
1295 1696 1422 1741 expe-

413 1745 485 1787 riri
496 1738 533 1786 se
545 1739 835 1789 ostensurum.
873 1747 954 1789 His
965 1742 1142 1805 publice
1157 1743 1334 1807 prolatis
1345 1780 1358 1799 ,
1379 1750 1422 1790 δε

415 1806 470 1852 ad
494 1804 747 1852 D.Marcelli
761 1806 883 1854 affixa
892 1809 1204 1869 protestatione
1240 1845 1252 1865 ‚
1288 1812 1422 1855 citatis

417 1875 534 1932 equis
547 1869 650 1917 vrbe
663 1869 857 1934 profugit
873 1908 884 1926 ,
913 1871 1082 1920 lentum
1104 1869 1423 1936 insequentium

419 1953 577 1998 agmen
590 1972 602 1992 ,
619 1952 730 1982 notis
740 1941 908 1984 viarum
925 1937 1186 1986 diuerticulis
1197 1937 1322 1987 facile
1335 1937 1423 1987 fru-

418 2000 564 2047 stratus
579 2042 587 2050 .
623 2000 855 2045 Ludom'cus
865 2001 1111 2066 verospecie
1123 2001 1306 2063 insanire,
1317 2023 1423 2068 pru—

419 2066 558 2112 dentis
592 2085 640 2112 ac
661 2072 740 2113 viri
759 2064 880 2114 fortis
891 2068 903 2113 l
906 2066 1032 2131 preto
1045 2067 1227 2117 consilio
1260 2106 1273 2126 ,
1308 2070 1422 2133 gesta

415 2128 617 2193 prosequi
630 2129 762 2178 iussit.
799 2135 926 2179 Tunc
948 2131 1183 2198 Episcopus
1195 2136 1421 2184 Venetus&

414 2193 518 2243 loco
529 2200 815 2243 eminentiore
826 2195 1003 2246 tertium
1022 2198 1210 2261 Qirites
1220 2199 1420 2263 appella-

410 2265 475 2307 uit
501 2282 510 2307 z
545 2278 597 2304 an
627 2278 748 2325 quem
778 2260 1007 2325 praesentem
1027 2263 1239 2328 aspicerent
1261 2267 1424 2310 Petrum

412 2323 665 2382 corbariam,
679 2325 919 2387 Pontificem
931 2327 1100 2374 vellent
1115 2333 1132 2372 ἒ
1144 2329 1264 2379 Plebs
1278 2348 1425 2379 autem

416 2388 501 2453 pro
516 2396 707 2438 nouitate
729 2394 1091 2451 reiconsternata,
1112 2413 1216 2443 cum
1236 2402 1387 2444 omnia
1400 2395 1426 2444 a

417 2456 725 2502 circumstante
737 2455 877 2504 milite
890 2494 903 2513 ,
914 2477 961 2505 ac
976 2465 1181 2521 primaria
1192 2460 1422 2511 nobilitate

421 2516 541 2583 prius
553 2537 777 2583 agerentur
795 2557 807 2576 ,
844 2522 1028 2571 confufis
1048 2524 1227 2574 vocibus
1238 2527 1423 2576 affirma-

422 2589 487 2632 uit
507 2623 516 2631 .
550 2589 678 2633 Tunc
712 2583 917 2649 profanus
944 2587 1178 2635 Ludouicus
1208 2591 1423 2641 acclama-

422 2654 592 2697 tionem
610 2649 732 2698 illam
768 2656 812 2698 in
826 2650 1027 2702 libellum
1045 2653 1281 2718 publicum
1298 2659 1423 2707 reda—

418 2717 555 2771 (stam,
569 2714 786 2779 exscripto
798 2722 966 2766 recitari
976 2720 1211 2777 mandauit,
1227 2722 1420 2783 dumque

416 2778 473 2828 ab
484 2778 702 2845 Episcopo
712 2786 884 2830 Veneto
893 2789 1149 2844 recitaretur,
1159 2784 1245 2852 ipse
1259 2784 1421 2837 erectus

416 2844 532 2894 stetit
544 2885 553 2892 .
590 2845 813 2894 Publicato
841 2848 1198 2912 proclamationis
1221 2851 1419 2903 Plebisci—

416 2926 466 2957 to
477 2948 490 2967 ,
499 2917 664 2958 Petrum
675 2915 703 2956 C
708 2909 965 2975 orbariensem
979 2922 1162 2966 nomine
1174 2917 1348 2964 Nz'colai
1358 2925 1413 2966 V.

414 2973 631 3034 salutauit,
668 2976 880 3025 annulum
892 2979 1029 3045 digito
1044 2981 1155 3030 illius
1167 2983 1254 3048 ipse
1265 2989 1416 3048 impo—

410 3038 489 3088 suit
523 3079 536 3099 ,
570 3060 675 3089 mox
694 3061 934 3107 purpuram
955 3053 992 3094 ei
1007 3052 1193 3111 propriis
1215 3050 1414 3098 manibus

415 3109 560 3152 iniecit
571 3143 585 3163 ,
606 3115 650 3156 ἂν
661 3109 715 3156 ad
726 3108 946 3157 dexteram
959 3117 1003 3160 in
1014 3110 1121 3159 lolio
1134 3112 1413 3173 collocatum,

417 3170 567 3232 postea
577 3177 621 3218 in
634 3172 854 3222 Basilicam
865 3181 1034 3225 D.Petri
1044 3178 1281 3227 introduxit
1290 3218 1301 3230 .
1323 3179 1415 3230 Vbi

414 3231 779 3296 Pseudopontifex
812 3247 1028 3290 temeratis
1071 3241 1190 3291 sacris
1234 3262 1415 3293 munera

415 3296 632 3359 vsurpauit
643 3304 866 3352 Pontificia
878 3344 891 3363 ,
901 3324 1001 3357 tum
1011 3315 1174 3357 Bauaro
1183 3346 1197 3366 ,
1207 3328 1256 3356 ac
1265 3327 1414 3374 popu—

414 3361 463 3412 lo
477 3362 537 3410 est
572 3368 828 3426 imprecatus
853 3379 1024 3423 erranti.
1059 3374 1195 3424 Tanti
1212 3372 1412 3441 sacrilegij

414 3447 505 3476 non
516 3426 687 3475 tantum
700 3434 1003 3487 Romanorum
1015 3478 1028 3498 ,
1052 3437 1121 3488 sed
1133 3448 1177 3489 δε
1187 3439 1413 3506 Belgarum

411 3494 630 3572 praecipue
666 3492 751 3542 visa
785 3498 846 3545 est
878 3502 1119 3566 indignatio
1155 3506 1411 3567 manifesta,

411 3559 529 3622 quod
551 3557 667 3608 certo
686 3557 806 3609 sciret
837 3563 1091 3630 &adonicum
1126 3589 1273 3621 contra
1296 3574 1412 3625 Fidei

763 150 1113 217 Ludouieus
1128 151 1211 213 V.
1228 151 1490 213 Bauarus
1513 152 1720 214 Occid-
1739 152 1880 226 Imp.
1892 150 2206 218 XXXIV.

1473 247 1684 291 vnitatem
1695 241 1866 292 idolum
1876 240 2211 290 abominationis
2229 243 2407 293 statuisse
2420 246 2465 292 in
2479 242 2527 265 ‘³⁷²'
2542 242 2601 277 ¹32

1474 305 1574 355 loco
1585 311 1741 356 SanCto
1764 330 1774 356 ε
1810 326 1946 371 eoque
1959 305 2260 355 vehementius
2271 307 2468 357 offende-

1473 371 1642 430 bantur,
1652 378 1748 436 quia
1760 379 2121 437 paupertatem‚&
2129 370 2449 436 perfec‘tionem
2455 411 2470 432 ,

1472 456 1604 500 quam
1614 437 1913 501 profitebatur,
1922 456 2057 501 neque
2069 443 2113 486 in
2129 457 2183 484 eo
2196 456 2276 485 nec
2288 442 2333 484 in
2344 437 2469 487 secta-

1469 508 1537 561 rijs
1547 501 1798 566 aspicerent.
1832 502 1984 552 Tertio
2004 502 2029 550 a
2048 500 2230 567 profana
2241 508 2469 566 inaugura*

1470 572 1591 616 tione
1605 568 1673 616 die
1683 565 1868 631 ,spurius
1878 566 2074 617 Pontifex
2087 607 2100 627 ,
2124 588 2178 616 ne
2193 573 2471 616 incomitatus

1470 633 1678 698 prodiret,
1687 631 1921 682 nonnullos
1933 639 2091 683 creauit
2108 631 2362 686 Cardinales
2374 672 2383 681 .
2404 638 2474 680 In-

1471 717 1533 746 ter
1543 716 1649 762 quos
1666 695 1846 762 Jacobus
1855 705 2004 744 Praten
2000 700 2058 760 fis
2076 697 2311 764 Episcopus
2321 698 2473 749 Vene-

1472 782 1536 812 tus
1545 802 1558 822 ,
1569 762 1715 812 Abbas
1734 767 1769 810 S.
1786 762 2001 823 Ambrosij
2014 765 2198 814 Mediol.
2210 763 2356 814 Abbas
2369 769 2475 812 Ger-

1473 826 1856 884 manu5,Nicolaus
1866 827 2224 880 Fabrian.loannes
2236 836 2366 878 etiam
2381 833 2426 874 G
2429 845 2475 875 a.
2502 818 2613 888 Ῑξῇζξζ

1476 895 1588 955 leaciq'
1608 892 1734 942 frater
1758 909 2006 940 numeratus
2023 900 2268 944 Canonicus
2289 894 2613 955 Mediolfmuffo.

1474 965 1612 1024 quieo
1622 961 1876 1009 ordinenon
1897 976 2125 1006 contentus
2158 997 2171 1017 ,
2205 966 2341 1009 maius
2360 960 2477 1010 aliud
2488 949 2596 1039 lijfsso

1473 1025 1625 1074 frustra
1638 1044 1693 1090 ap
1697 1029 1908 1090 petiuerat
1919 1065 1927 1073 .
1963 1022 2134 1073 Verum
2143 1060 2157 1081 ,
2168 1033 2263 1088 quia
2274 1008 2576 1080 nondfimfc'mflz.
2593 1059 2614 1082 α

1476 1092 1631 1155 ass'equi
1642 1095 1757 1140 recta
1766 1096 1836 1139 via
1849 1090 2053 1138 ordinem
2065 1108 2167 1138 eum
2179 1108 2474 1155 potuerat,qua
2489 1097 2616 1149 Rippama

1509 1157 1624 1215 osset,
1636 1157 1790 1221 assequi
1803 1157 1946 1205 statuit
1957 1195 1967 1204 .
2001 1161 2094 1204 Iam
2109 1161 2272 1204 Bauaro
2283 1164 2476 1204 reconci—
2487 1154 2542 1226 {22
2563 1148 2612 1239 αξ·

1474 1177 1595 1272 liatus
1610 1260 1623 1281 ,
1636 1228 1773 1272 tenuit
1788 1227 1874 1270 eius
1885 1222 2276 1270 commendatione
2286 1258 2296 1278 ,
2312 1238 2359 1268 vt
2371 1225 2477 1268 Car—
2487 1218 2579 1277 libsz.
2599 1220 2608 1229 ’

1475 1288 1627 1338 dinalis
1638 1290 1756 1339 fieret
1773 1285 1971 1352 apseudo
1983 1287 2191 1336 Pontifice
2212 1325 2225 1346 ,
2261 1291 2400 1351 pretio
2413 1285 2477 1333 so-

1475 1355 1568 1404 luto
1588 1372 1653 1404 tot
1673 1353 1868 1403 millium
1877 1353 2147 1402 florenorum
2179 1391 2191 1410 ,
2227 1369 2335 1416 quot
2345 1350 2479 1420 paulo

1474 1438 1572 1470 ante
1594 1422 1783 1470 reditum
1804 1426 1849 1468 in
1876 1424 2062 1483 patriam
2081 1418 2169 1483 ipse
2204 1457 2216 1477 ,
2252 1416 2481 1481 fratresque

1475 1504 1668 1535 emerant
1679 1526 1690 1536 .
1724 1485 1809 1549 lpfi
1820 1502 1966 1533 autem
1978 1490 2141 1534 Bauaro
2152 1490 2213 1533 rei
2225 1489 2482 1547 pecuniaria:

1475 1551 1726 1600 difficultate
1754 1550 1969 1600 laboranti
1992 1551 2140 1600 datam
2161 1549 2319 1598 volunt
2342 1568 2480 1613 pecu*

1473 1623 1594 1664 niam
1609 1657 1618 1665 .
1652 1618 1841 1665 Additur
1851 1615 1951 1663 huic
1971 1620 2116 1662 loanni
2127 1616 2298 1664 summa
2309 1634 2389 1679 per
2407 1620 2479 1662 In-

1472 1678 1659 1730 subriam
1670 1683 1859 1746 potestas
1870 1717 1882 1740 ,
1893 1681 2152 1747 Legatusque
2166 1685 2385 1729 Pontificis
2398 1698 2479 1742 ap-

1471 1744 1655 1809 pellatus
1675 1785 1688 1804 ,
1724 1745 1998 1795 clerotamen
2011 1745 2197 1793 minime
2217 1743 2477 1807 plaudente,

1471 1829 1612 1872 neque
1638 1811 1818 1860 obuiam
1839 1827 1967 1858 eunte
1988 1829 2093 1858 curn
2109 1809 2369 1858 Mediolano
2398 1828 2479 1873 ap—

1471 1880 1799 1939 propinquaret,
1811 1880 1910 1940 quia
1918 1892 1966 1922 vt
1977 1878 2200 1924 auCtorem
2211 1881 2266 1924 ita
2276 1883 2319 1924 &
2332 1873 2478 1939 sequa-

1471 1959 1570 1988 cem
1581 1940 1819 2004 profanum
1831 1959 2029 2007 putarent
2044 1984 2054 1994 ,

1535 2010 1683 2056 Tanto
1697 2006 1850 2056 scelere
1862 2026 2134 2072 perpetrato,
2155 2006 2296 2056 Tibur
2315 2004 2475 2053 seceffit
2497 2008 2620 2078 {3ng1

1469 2071 1728 2132 Ludouicus,
1751 2092 1799 2122 vt
1816 2072 2240 2139 suaeinaugurationis
2252 2090 2535 2137 pompamcus
2574 2091 2613 2127 ab

1469 2135 1714 2187 solemnem
1734 2141 1981 2189 instauraret
1992 2178 2006 2198 ‚
2026 2148 2069 2188 ὃ(
2081 2142 2135 2190 de
2147 2157 2282 2187 manu
2294 2138 2463 2185 Pontifi·
2484 2142 2620 2187 Antipa-

1469 2207 1527 2250 cis
1548 2203 1726 2269 infignia
1737 2212 1964 2270 acciperet.
2003 2210 2051 2253 In
2069 2202 2300 2271 peruigilio
2317 2201 2466 2249 solem-
2481 2200 2621 2275 ξζΐῃίνονο

1469 2273 1609 2317 nitatis
1621 2273 1887 2320 Pentecostes
1900 2310 1913 2330 ‚
1923 2277 2122 2320 Romam
2135 2270 2318 2318 reuerlus
2331 2307 2340 2324 ,
2356 2270 2475 2332 apud
2578 2263 2589 2274 ⁸

1470 2338 1785 2386 S.Laui·entium
1798 2343 1842 2386 in
1853 2357 1956 2402 agro
1965 2343 2159 2386 Verrano
2173 2336 2346 2383 diuertit
2358 2374 2366 2382 .
2389 2339 2474 2382 Die

1469 2395 1659 2464 sequenti
1669 2399 1797 2467 Vsque
1809 2404 1862 2451 ad
1877 2409 2129 2450 Lateranam
2147 2400 2370 2449 Basilicam
2380 2403 2474 2446 An-

1470 2470 1618 2530 tipapa
1629 2464 1955 2517 sacerdotalibus
1966 2468 2140 2516 indutus
2159 2464 2345 2513 vestibus
2357 2503 2370 2523 ,
2395 2463 2475 2512 ob-

1470 2536 1589 2578 uiam
1602 2535 1867 2595 procedens,
1891 2534 1947 2582 ad
1964 2540 2019 2583 D.
2032 2531 2351 2581 Petrideduxit.
2382 2529 2474 2578 Vbi

1470 2595 1708 2641 Ludomcus
1751 2597 1952 2663 primum
1986 2615 2258 2663 purpureum
2301 2593 2474 2659 pileum

1469 2663 1978 2728 Antipapaei1npofi1it315
1991 2663 2094 2711 vero
2105 2682 2233 2711 aureo
2244 2662 2469 2710 diadema-

1469 2743 1509 2773 te
1520 2726 1721 2773 Ludouztt'
1734 2728 2093 2794 caputinfigniuit
2127 2767 2140 2787 ,
2173 2737 2217 2777 δε
2228 2731 2469 2792 Imperato-

1468 2810 1561 2839 rem
1581 2800 1869 2844 renunciauit.
1903 2793 2034 2844 Paulo
2059 2796 2161 2860 post
2180 2793 2295 2843 vrbis
2315 2790 2465 2857 praefe—

1467 2859 1584 2904 <Stura
1593 2859 1778 2904 Reinerto
1792 2861 2011 2924 Fagiolano
2020 2861 2327 2909 commendata
2339 2892 2351 2910 ,
2374 2859 2462 2902 VC-

1468 2920 1581 2970 litras
1597 2924 1822 2983 concessit,
1838 2926 2090 2991 elapfisiam
2101 2926 2329 2992 pernoxias
2340 2937 2457 2965 curas

1464 2986 1756 3046 occasionibus
1767 2998 1827 3040 rei
1838 2991 2004 3042 fortiter
2011 2990 2203 3058 gerendae
2213 3024 2227 3043 ,
2242 3003 2456 3056 prouoca-

1464 3069 1588 3115 taque
1608 3059 1813 3104 Numinis
1849 3063 1907 3106 ira
1921 3099 1930 3108 .
1965 3065 2109 3106 Fames
2129 3071 2230 3099 cum
2252 3049 2457 3098 afflixisset
2473 3047 2618 3119 1:222?ssss

1462 3124 1695 3168 exercitum
1730 3158 1743 3180 ,
1778 3122 1998 3170 efferatum
2021 3117 2212 3165 militem
2233 3122 2277 3165 in
2296 3121 2458 3163 amicos
2482 3133 2619 3167 exa-citu

1460 3182 1662 3246 primum
1673 3224 1683 3243 ‚
1700 3188 1800 3234 inde
1814 3193 1858 3232 in
1871 3184 2006 3231 ibcios
2019 3184 2268 3232 accenderat
2278 3223 2287 3231 .
2324 3181 2461 3247 Belgae
2476 3180 2622 3232 Ludouiqg'

1460 3248 1484 3296 a
1505 3248 1785 3314 superioribus
1820 3253 2046 3298 Germanis
2079 3246 2309 3297 deciserant
2327 3274 2337 3306 3
2374 3256 2460 3297 Sta-

1459 3313 1563 3363 bant
1575 3315 1605 3363 fi
1608 3335 1690 3381 gna
1700 3313 1835 3378 figniS,
1850 3321 1894 3362 δέ
1906 3313 1997 3378 pila
2008 3319 2218 3363 minantia
2227 3313 2459 3379 pilis.Et1o-

1459 3396 1572 3428 catus
1583 3379 1814 3428 Ludouicus
1826 3397 1929 3427 cum
1943 3378 2248 3445 superueniret,
2257 3383 2457 3433 Maiestas

1458 3444 1587 3494 fuerit
1598 3445 1665 3495 vel
1678 3442 1893 3493 necessitas
1925 3481 1939 3502 ‚
1974 3444 2213 3495 tumultum
2226 3453 2454 3512 corripuit.

1459 3515 1580 3559 Nam
1591 3510 1697 3560 infra
1707 3510 1964 3573 dignitatem
1975 3508 2013 3559 se
2025 3512 2270 3571 demittenS,
2284 3512 2451 3562 blandi-

1459 3582 1532 3639 cijs
1542 3574 1687 3643 potitis
1703 3612 1717 3633 ,
1750 3571 1883 3638 quam
1899 3592 2055 3626 terrore
2067 3597 2184 3627 arma
2197 3577 2368 3627 excussit
2382 3576 2452 3625 fu-

2262 3661 2390 3692 renti-
