2644 4154
458 218 483 254 9
493 217 524 259 4

377 284 438 344 Θ*
452 296 630 330 mortuus
641 285 712 346 est,
748 289 805 329 Ec
815 285 870 326 ait
881 281 939 327 acl
946 297 1033 325 eum
1042 281 1194 326 Dauid:
1198 278 1363 344 sanguis

376 363 470 394 tuus
470 349 590 414 fhper
598 363 711 413 caput
725 362 859 394 tmom:
894 362 936 390 os
948 347 1054 389 enim
1065 357 1180 388 tuum
1196 343 1362 389 locutum

376 413 662 476 estaduersum
677 427 714 458 te
733 450 745 470 ‚
779 411 930 458 dicens:
965 414 1005 456 E
999 429 1049 475 ὸσο
1060 407 1235 468 interfici
1244 407 1363 452 chm-

368 480 481 543 stum
491 478 659 523 Domini
665 516 675 527 .
711 480 808 530 Nec
819 476 1034 540 Regicidae
1053 473 1216 536 profuit
1228 510 1241 530 ,
1259 473 1364 523 Sau-

370 542 462 594 lem
477 541 832 591 fuifleaDomino
845 537 1099 588 derelictum
1120 575 1133 595 ,
1164 536 1271 586 solio
1287 537 1365 585 de-

370 607 605 664 turbatum,
614 604 857 655 vulneribus
867 610 954 652 iam
966 601 1206 651 confossum
1216 640 1229 661 ,
1246 601 1362 650 vnde

369 671 635 735 superuiuere
666 689 757 718 non
783 669 939 733 posset.
974 665 1152 731 Insuper
1178 667 1296 730 quod
1318 671 1362 714 in

373 737 620 786 remedium
629 739 838 799 gementis
862 770 876 792 ‚
907 735 961 783 ne
973 735 1065 784 Rex
1080 730 1362 780 Hebraeorum

375 805 496 848 viuus
507 800 673 847 caderet
683 804 727 848 in
746 799 943 848 manibus
954 797 1194 847 Gentilium
1233 823 1244 856 3
1273 814 1363 844 non

251 866 357 945 {2²33
375 867 525 927 Regem
534 861 606 912 sed
617 864 781 911 Saulem
799 903 813 923 ,
837 869 936 928 quia
945 882 1078 929 regno
1097 861 1232 910 fuerat
1241 881 1365 910 exau-

206 945 318 989 τιῃιῃι·
372 927 574 986 thoratus,
584 930 840 989 concidiffet3
853 930 920 979 vel
931 930 1124 977 occidisse
1138 927 1365 984 iac'iaretur,

204 997 328 1034 nomini
344 1022 354 1032 ·
370 1012 475 1043 cum
484 993 582 1043 vere
606 994 782 1047 Saulem
793 1015 883 1044 non
895 994 1108 1043 occidisset
1140 1031 1154 1052 ,
1187 992 1258 1041 sed
1278 996 1366 1041 iam

368 1057 560 1108 occisum
578 1059 633 1110 ab
658 1066 870 1125 armigero
889 1059 962 1108 suo
975 1058 1215 1126 expoliasset
1247 1096 1261 1117 ‚
1294 1064 1367 1121 qui

367 1143 472 1173 cum
483 1124 643 1173 eodem
653 1125 772 1174 Saule
785 1143 978 1174 mortuus
991 1144 1076 1174 erat
1091 1165 1100 1173 .
1144 1147 1157 1172 1
1169 1123 1281 1188 .Reg.
1296 1141 1318 1172 3
1331 1141 1365 1171 1.

367 1189 554 1240 Terreni
563 1189 693 1254 gladij
703 1209 793 1238 non
802 1191 862 1238 est
870 1228 883 1248 ‚
895 1195 938 1239 in
950 1196 1119 1255 Regem
1136 1190 1341 1252 insurgere
1354 1225 1367 1243 ‚

368 1273 505 1318 quem
523 1254 678 1304 caelesti
699 1253 863 1303 militia:
885 1255 1057 1304 tradidit
1070 1254 1366 1319 castigandum

367 1324 465 1368 Rex
478 1324 653 1383 Regum
672 1357 686 1378 ,
718 1327 763 1368 &
775 1324 1110 1368 Dominantium
1126 1324 1342 1368 Dominus
1356 1357 1363 1365 .

369 1388 491 1433 Hinc
525 1386 787 1430 Domitianus
804 1384 1158 1448 Epaphroditum
1191 1383 1216 1430 a
1239 1381 1365 1431 libel—

368 1447 420 1497 lis
454 1485 468 1506 ,
501 1447 673 1512 capitali
700 1466 831 1512 poena
868 1450 1178 1497 condemnauit
1200 1475 1211 1507 3
1246 1446 1364 1511 quod

371 1515 487 1559 Nero
498 1518 544 1562 in
554 1511 824 1577 adipiscenda
833 1531 972 1561 morte
983 1550 997 1571 ,
1008 1532 1140 1563 manu
1151 1520 1237 1562 eius
1247 1513 1364 1559 adiu-

196 1638 198 1644 s
372 1596 438 1628 tus
450 1577 784 1634 existimabatur,
804 1583 860 1626 ait
869 1580 1081 1624 Suetonius
1097 1618 1106 1628 .
1140 1578 1235 1627 Sola
1245 1580 1365 1642 regni

183 1675 186 1684 ο
205 1645 361 1715 γῗξίἱῇξζῆε
377 1647 590 1695 memoria
599 1642 829 1691 hominem
840 1642 1239 1692 redditimmunem
1275 1680 1287 1701 ,
1319 1657 1365 1687 vt

205 1739 359 1777 regenera-
376 1708 502 1771 solius
512 1712 597 1757 Dei
607 1712 774 1772 virgam
795 1713 964 1757 timeat.
998 1709 1265 1772 Scripturam
1298 1723 1366 1753 to-

204 1778 255 1828 ἔὲε
376 1779 453 1824 ties
464 1773 636 1823 attende
646 1777 874 1836 repetitam
886 1809 900 1829 ,
921 1791 1011 1835 quae
1023 1774 1150 1821 docet
1167 1791 1256 1821 non
1271 1789 1368 1818 mo-

376 1839 436 1889 do
455 1838 657 1887 illicitum
669 1836 745 1886 esse
765 1855 934 1903 tangere
955 1838 1145 1886 Christos
1159 1840 1366 1892 Domini3

373 1905 445 1954 sed
453 1903 513 1953 ob
526 1904 585 1961 id,
596 1902 737 1967 ipsum
748 1902 824 1951 effe
834 1901 993 1952 clamat
1003 1902 1215 1959 illicitum,
1242 1910 1285 1950 &
1298 1921 1369 1948 eo-

373 1988 472 2021 rum
494 1966 691 2034 personas
712 1968 812 2016 ideo
829 1965 956 2015 sacras
989 2005 1003 2026 ,
1036 1975 1080 2015 δέ
1102 1965 1370 2016 inuiolabiles

372 2033 634 2099 haberi‚quia
642 2031 734 2082 sunt
744 2031 888 2093 Christi
903 2035 1069 2078 Dommi
1080 2070 1093 2082 .
1125 2039 1229 2080 Suos
1242 2050 1370 2080 nam-

373 2119 456 2163 que
468 2099 522 2151 ab
541 2099 778 2149 hominum
796 2096 929 2162 vulgo
940 2104 1056 2147 Deus
1078 2103 1216 2162 Reges
1232 2103 1289 2146 ita
1309 2095 1369 2144 sc-

368 2169 504 2214 creuit
522 2201 538 2222 ,
571 2180 617 2211 vt
626 2164 680 2212 ne
693 2169 896 2227 cuiquam
907 2162 1091 2214 laedendi
1101 2169 1250 2211 animo
1272 2159 1368 2210 illos

366 2228 518 2287 liceat,
533 2228 603 2277 vel
616 2233 853 2277 minimum
863 2233 1066 2293 attingere
1089 2255 1101 2288 3
1132 2226 1368 2293 postquam

367 2298 414 2344 in
423 2313 587 2345 nouam
600 2311 836 2343 creaturam
847 2330 860 2351 ‚
881 2300 926 2343 &
939 2299 1089 2352 viuum
1103 2299 1187 2343 Dei
1199 2292 1369 2343 fimula-

367 2359 526 2408 chrum
546 2358 661 2406 sacro
680 2357 781 2407 oleo
796 2364 1078 2424 regenerauit.
1114 2359 1155 2409 A
1176 2361 1244 2408 die
1264 2376 1369 2422 pro-

368 2442 516 2489 pterea
526 2426 740 2473 vnetionis
761 2428 934 2487 Regum
957 2443 1089 2472 annos
1100 2422 1367 2472 soletnume-

370 2507 458 2538 rare
479 2487 693 2552 scriptura:
707 2495 750 2538 &
762 2495 920 2537 cumin
930 2487 1161 2539 Philistaeos
1171 2488 1264 2537 Saul
1279 2488 1370 2537 bel-

368 2552 467 2604 lum
478 2551 655 2616 suscepit
665 2590 678 2610 ,
688 2553 830 2597 ‘vm'us
841 2553 942 2596 anni
942 2551 1059 2616 filius
1060 2552 1183 2617 fi'iffi'
1194 2555 1221 2603 d
1225 2559 1262 2603 ic
1266 2559 1369 2603 itur<

373 2641 390 2668 ι
403 2618 511 2683 ,3εὲ
521 2640 535 2669 1
554 2617 651 2678 a&
660 2635 687 2666 c.
699 2639 712 2664 1
724 2637 765 2667 0.
778 2634 818 2665 n.
827 2628 864 2666 6.
875 2617 1043 2665 Eodem
1058 2624 1145 2666 iure
1155 2625 1368 2684 Principes

370 2688 607 2735 Latronum
616 2720 629 2741 ‚
640 2688 738 2745 quia
747 2680 944 2732 Isbozeth
964 2682 1105 2731 filium
1114 2683 1241 2733 Saulis
1254 2690 1364 2732 occi-

372 2749 542 2805 derunt,
555 2754 598 2795 iu
605 2745 665 2796 ffit
674 2747 818 2797 Dauid
826 2745 982 2810 laqueo
995 2746 1202 2813 suspendi.
1217 2770 1255 2798 2.
1268 2750 1366 2813 Reg.

235 2799 363 2871 {Licabri
376 2834 419 2874 4.
430 2817 660 2876 Qotquot
671 2818 790 2860 enim
805 2830 987 2862 manum
1007 2819 1051 2861 in
1063 2820 1231 2879 Regem
1244 2815 1369 2864 mile-

201 2888 356 2937 tyrannus
373 2895 484 2935 sunt,
499 2897 652 2929 omnes
663 2894 711 2925 vt
726 2895 928 2940 tyrannos
937 2884 1147 2943 Scriptura
1157 2880 1345 2944 despexit
1357 2920 1366 2928 .

203 2930 356 3026 gam&
377 2948 439 2992 Sic
454 2942 631 2992 Zambri
664 2979 678 3000 ‚
712 2940 853 2990 solum
865 2947 961 3004 quia
972 2943 1247 3008 Elamfilium
1257 2944 1368 3008 Dasae

205 3027 326 3075 gicida.
373 3006 596 3066 interfecit,
606 3015 650 3056 δέ
662 3013 706 3056 vi
718 3025 900 3071 regnum
912 3013 998 3056 eius
1007 3016 1239 3072 occupauit
1254 3047 1268 3068 ‚
1304 3023 1365 3073 ty-

371 3088 547 3118 rannum
561 3077 771 3137 Scriptura
783 3073 907 3120 dicit:
940 3071 1109 3137 Reltqua
1120 3087 1257 3120 autem
1281 3075 1368 3138 fir,

370 3151 526 3182 monum
536 3137 727 3194 Zambri,
743 3141 795 3192 εἴ
806 3135 1044 3198 infinitarum
1060 3138 1368 3201 eius‚&tyran—

370 3201 493 3256 nidis,
510 3218 634 3246 nonne
645 3201 717 3246 haec
719 3201 871 3266 scripta
871 3199 971 3262 sunt
983 3204 1024 3246 in
1034 3199 1129 3247 libro
1144 3202 1369 3249 ‘verborum

369 3262 529 3310 dierum
545 3264 697 3328 Regum
708 3264 840 3327 lstael.
857 3266 994 3331 3.Reg,
1006 3288 1019 3315 1
1035 3279 1072 3315 6.
1085 3268 1186 3318 Nec
1196 3267 1368 3316 aliunde

369 3346 605 3391 tyrannum
619 3328 855 3392 appellabis
865 3367 877 3388 ,
889 3338 987 3394 quia
997 3330 1170 3378 Zambrt‘
1187 3337 1369 3397 regnauit

363 3393 519 3457 septem
534 3389 671 3436 dtebus
690 3394 864 3461 tantam.
902 3397 1029 3445 Vnde
1042 3393 1245 3461 superbia
1266 3436 1279 3458 ,
1299 3397 1369 3446 vel

372 3460 649 3508 immanitatis
669 3456 848 3505 accusari
882 3467 1029 3523 nequit
1047 3502 1057 3510 .
1093 3466 1206 3514 Non
1241 3469 1370 3511 etiam

373 3527 473 3586 quia
485 3518 668 3584 seipsum
682 3520 1185 3587 interficeret‚tyrannum
1196 3525 1371 3593 scriptu-

374 3607 418 3637 ra
429 3584 637 3654 appellat,
647 3603 749 3636 nam
761 3591 805 3636 &
818 3587 919 3653 Saul
938 3589 1145 3639 diceretur
1154 3610 1371 3656 tyrannm,

202 2386 330 2419 xxvm.

1056 187 1248 267 Reges
1288 184 1422 251 Deo
1461 186 1720 250 Subdiu.

1421 278 1540 343 quise
1552 278 1697 345 gladio
1706 279 1899 330 confecit.
1920 299 1953 332 1.
1966 276 2065 340 Reg·
2081 291 2099 331 3
2115 298 2127 323 1
2141 315 2149 324 ·
2162 277 2274 324 'Non
2293 271 2414 339 qUOd

1424 343 1550 391 Elam
1583 350 1753 410 Regem
1785 366 1889 395 cum
1921 357 2009 393 tota
2029 346 2287 405 cognatione
2311 342 2414 389 diri-

1423 415 1530 473 puit,
1545 415 1641 472 quia
1651 428 1699 457 ex
1714 410 1917 474 supremo
1930 409 2138 458 mandato
2145 411 2242 465 Dei,
2254 411 2413 471 impioss

1423 493 1521 523 rum
1535 472 1719 522 carnifex
1728 476 1956 542 assumptus
1964 477 2024 524 est
2033 469 2209 519 Zambrt
2220 512 2229 520 .
2242 475 2415 533 (ζιιεῐῐι4

1425 539 1668 587 admodum
1680 577 1694 596 ,
1714 547 1758 588 ἃ
1768 541 1874 602 Basti
1885 544 2056 590 auctore
2067 575 2080 597 ‚
2094 545 2137 586 ὅ(
2146 536 2415 586 commilito-

1424 624 1478 653 ne
1489 610 1585 652 Deo
1595 609 1765 668 Regem
1778 604 2009 652 §Nadabum
2019 623 2124 653 cum
2138 609 2299 667 integra
2309 602 2416 647 Iero-

1426 667 1559 715 boami
1575 668 1705 733 stirpe
1723 670 1933 720 interfecit
1962 709 1976 729 ,
2011 676 2055 718 in
2074 669 2277 731 suamque
2293 664 2421 714 fami-

1426 733 1529 782 liam
1539 753 1674 799 regno
1685 735 1894 784 translato.
1908 754 1948 786 3.
1964 736 2059 799 Reg.
2077 754 2095 779 ι
2109 753 2145 783 5.
2155 732 2333 798 percuffit
2343 746 2422 774 om*

1425 817 1517 845 nem
1529 799 1687 845 domum
1695 798 1892 845 leroboam
1907 802 2019 844 iuxta
2029 797 2215 845 verbum
2231 796 2423 850 Domini,

1425 863 1531 927 quod
1539 864 1691 911 locutus
1695 863 1841 927 fuerat
1849 865 1892 908 in
1903 863 2206 929 manuftruifici
2216 863 2346 908 Aichae
2357 859 2424 904 si-

1426 928 1562 975 lonitis
1572 968 1584 988 ‚
1594 943 1755 996 propter
1758 940 1918 994 peccata
1928 928 2127 975 Ieroboam
2139 960 2152 978 ,
2185 926 2246 984 (ᾤ’
2263 937 2425 990 propter

1422 1009 1639 1060 peccatum,
1651 1011 1724 1058 quo
1740 997 1980 1040 irritauerat
1990 995 2211 1039 Dominum
2220 997 2352 1037 Deum
2362 987 2424 1051 ls-

1426 1059 1521 1110 rael.
1536 1059 1704 1122 3.Reg.1
1717 1078 1752 1109 s.
1766 1058 2164 1123 Qemadmodum
2173 1094 2186 1114 ‚
2200 1054 2357 1119 &lehn
2368 1053 2423 1102 ab

1428 1124 1571 1173 Εὶὶίζτο
1591 1124 1803 1188 Propheta
1824 1144 1872 1172 ea
1894 1124 2144 1171 conditione
2166 1122 2227 1169 est
2250 1119 2425 1166 lactatus

1430 1196 1473 1237 in
1487 1196 1518 1236 R
1531 1208 1671 1253 egem,
1685 1198 1727 1237 δέ
1738 1207 1784 1238 vt
1796 1189 1947 1238 Achab
1965 1188 2216 1253 Percuteret.
2228 1187 2262 1228 P
2267 1185 2426 1229 ercuties

1426 1254 1584 1299 domum
1593 1253 1733 1301 Achab
1744 1257 1908 1300 Domini
1920 1260 1977 1300 tus
1985 1292 1997 1311 ‚
2009 1252 2069 1312 (ᾖ
2081 1250 2131 1297 vl
2133 1249 2331 1313 ct'ftarsasz
2330 1266 2384 1312 gu
2390 1251 2424 1292 i-

1425 1336 1516 1364 nem
1528 1337 1707 1365 meorum
1720 1318 2023 1381 Prophetarum,
2035 1312 2424 1380 &sanguinemser-

1425 1400 1562 1429 uorum
1572 1387 1735 1430 Domini
1770 1385 1819 1429 de
1838 1400 1966 1430 manu
2000 1381 2171 1440 Iezabel.
2205 1398 2246 1430 4.
2268 1379 2360 1442 Reg.
2383 1399 2424 1435 9.

1425 1448 1603 1496 Zambri
1616 1447 1730 1505 vero,
1746 1454 1843 1512 quia
1855 1447 2007 1511 absque
2018 1452 2102 1495 Dei
2111 1443 2282 1510 speciali
2295 1462 2423 1491 man-

1426 1514 1526 1561 dato
1537 1511 1676 1561 seruus
1686 1516 1956 1570 Dominum,
1969 1511 2157 1561 subditus
2169 1517 2339 1574 Regem
2348 1527 2423 1556 oc·-

1423 1579 1527 1625 cidit
1537 1613 1550 1634 ,
1561 1586 1604 1626 Sc
1619 1596 1698 1641 per
1708 1584 1802 1627 vim
1812 1577 1967 1627 lelium
1978 1576 2139 1641 Regale
2151 1575 2398 1623 conscendit
2409 1607 2423 1628 ,
2518 1629 2528 1637 α

1422 1661 1655 1706 tyrannum
1688 1639 1889 1708 scriptura
1906 1640 2097 1705 appellat
2110 1682 2119 1690 .
2153 1641 2291 1690 Nulla
2303 1644 2421 1687 enim
2459 1628 2588 1699 Κξζῗεᾱέ

1425 1711 1530 1755 ratio
1541 1714 1698 1771 patitur
1729 1745 1742 1764 ,
1776 1724 1822 1755 vt
1841 1724 2022 1771 propter
2031 1702 2207 1761 salutem
2230 1709 2420 1769 corporis
2431 1716 2582 1768 pgttpopu-

1423 1790 1669 1836 amputetur
1680 1789 1824 1836 caput5
1840 1779 2032 1818 §Manum
2045 1772 2224 1834 quidem
2241 1809 2254 1829 ‚
2288 1769 2348 1828 (ὦ
2357 1784 2424 1836 pe·
2434 1761 2459 1799 ¹¹
2469 1786 2480 1798 ·

1426 1838 1519 1883 dem
1529 1835 1704 1898 abscindi
1722 1869 1738 1887 ,
1760 1842 1814 1892 εξ
1826 1835 1978 1881 oculum
1989 1840 2074 1880 erui
2082 1835 2199 1884 iubet
2212 1836 2426 1894 Christus,

1425 1903 1457 1952 fi
1469 1900 1666 1951 scandalo
1679 1900 1759 1950 sint
1769 1942 1778 1951 .
1791 1905 1851 1951 At
1860 1913 1978 1965 caput
1989 1907 2200 1964 amputari
2215 1899 2426 1964 nusquam

1426 1987 1535 2033 praec
1541 1972 1634 2030 ipit,
1645 1972 1743 2030 quia
1755 1965 2002 2014 monstrum
2010 1966 2106 2014 esset
2117 2005 2126 2014 .
2162 1967 2243 2014 Sed
2254 1971 2347 2014 Rex
2356 1982 2425 2011 ca-

1421 2045 1496 2099 put
1506 2034 1566 2081 est
1581 2030 1717 2096 populi
1732 2062 1746 2081 ‚
1779 2040 1823 2080 &
1838 2030 2014 2094 quidem
2026 2029 2237 2092 summum
2248 2070 2258 2082 .
2294 2032 2426 2082 Vnde

1425 2097 1536 2146 Sauli
1546 2095 1725 2145 Samuel.
1745 2117 1758 2143 1
1771 2134 1780 2145 .
1793 2096 1889 2160 Reg.
1900 2117 1914 2142 1
1929 2112 1967 2152 5.
1983 2123 1999 2149 ι
2013 2114 2052 2152 7.
2067 2098 2216 2141 Nonne
2230 2114 2320 2143 cum
2329 2112 2428 2162 par.

1427 2178 1503 2207 uus
1517 2161 1608 2225 effi’s
1618 2164 1659 2206 in
1674 2159 1795 2208 oculis
1811 2165 1892 2206 tus's
1904 2191 1920 2209 ,
1936 2173 2054 2224 caput
2066 2159 2243 2206 tribuum
2265 2161 2427 2226 Istaelis

1416 2225 1555 2293 fabius
1566 2244 1608 2273 es
1623 2232 1637 2278 ?
1673 2229 1729 2277 Et
1741 2227 1793 2275 de
1805 2222 1938 2290 seipso
1948 2226 2092 2274 Dauid
2103 2263 2115 2282 ,
2132 2226 2300 2291 Posuisti
2310 2246 2374 2274 me
2384 2229 2427 2272 in

1427 2307 1543 2359 caput
1546 2295 1751 2358 gentium.
1788 2298 1828 2340 Si
1842 2297 1898 2340 ita
1911 2291 1995 2349 est,
2013 2288 2230 2354 Qisadeo
2241 2291 2427 2356 furiosics

1428 2360 1500 2421 cst<
1503 2358 1713 2409 exclamat
1724 2356 1866 2407 Tolet.
1882 2355 2095 2415 Concil.4.
2110 2376 2203 2422 cap.
2218 2360 2321 2419 74.)
2339 2358 2429 2421 Qi

1428 2438 1547 2489 caput
1557 2423 1678 2487 suum
1687 2439 1812 2469 manu
1823 2423 1903 2488 [ἱιιι
1919 2424 2076 2487 propria
2088 2422 2260 2485 doleret?
2292 2421 2352 2468 illi
2359 2435 2428 2468 ‘vt

1426 2503 1564 2536 notum
1578 2491 1644 2549 cst,
1656 2491 1905 2536 immemores
1906 2487 2056 2551 fizlutis
2056 2487 2139 2550 suae
2149 2520 2163 2539 ‚
2170 2490 2331 2554 propria
2340 2503 2427 2534 ma-

1428 2554 1529 2617 nusc
1541 2553 1644 2618 ipsos
1655 2556 1903 2610 interimunt,
1917 2555 1959 2597 in
1961 2551 2189 2617 fimetipfhs
2220 2591 2234 2612 ‚
2258 2553 2427 2616 fioosque

1428 2624 1557 2685 Reges
1562 2622 1750 2684 proprias
1761 2616 2016 2663 conuertenda
2027 2621 2151 2668 vires.
2166 2618 2317 2683 Qalis
2329 2617 2426 2667 bar-
2476 2646 2550 2674 χχι,

1426 2685 1524 2735 bara
1558 2721 1571 2741 ,
1606 2681 1744 2731 &fera
1753 2688 1872 2732 natio
1885 2683 2005 2731 dedit
2013 2681 2134 2731 seruo
2153 2684 2364 2749 insurgere
2376 2689 2420 2734 in
2456 2687 2526 2738 fo
2529 2690 2591 2730 1²⁰-

1426 2755 1674 2799 Dominum
1707 2746 1854 2796 suum?
1888 2746 2088 2797 Verbum
2119 2748 2387 2798 horrendum
2408 2730 2592 2818 ,ssssusm‘

1426 2817 1546 2879 quod
1578 2814 1778 2862 sustinere
1799 2819 2019 2877 impotens
2051 2819 2236 2880 armiger
2267 2814 2396 2864 Saulis
2408 2853 2423 2874 ‚
2533 2805 2541 2814 ”

1426 2899 1529 2928 cum
1542 2884 1580 2927 ei
1593 2880 1751 2926 diceret
1760 2878 1854 2928 Saul
1870 2915 1882 2936 ,
1893 2891 2050 2944 percute
2064 2895 2146 2937 me,
2166 2899 2220 2928 ne
2234 2879 2342 2927 forte
2353 2896 2427 2926 ve.

1427 2950 1546 2993 niant
1567 2944 1832 2994 incircuncifi
1861 2947 1929 2994 isti
1960 2982 1974 3003 ,
2009 2944 2316 2991 &interficiant
2326 2961 2400 2991 me
2411 2981 2426 2995 .

1424 3008 1581 3059 Noluit
1602 3015 1806 3072 armiger:
1841 3011 2000 3056 Fuerat
2015 3009 2121 3051 enim
2135 3009 2258 3051 nimio
2283 3020 2427 3054 terrore

1417 3076 1647 3139 perterritus
1662 3114 1670 3123 .
1693 3075 1762 3125 Sic
1774 3075 1917 3124 Dauid
1932 3090 2034 3120 cum
2052 3070 2105 3117 ad
2120 3071 2283 3120 ccedem
2294 3072 2424 3121 Saulis

1424 3142 1740 3203 prouocaretur.
1759 3162 1772 3187 1
1785 3140 1894 3201 ,Regu
1902 3158 1925 3183 2
1933 3153 1968 3185 4.
1982 3133 2180 3194 Abfitsvt
2191 3135 2261 3181 hoc
2259 3137 2422 3200 faciam

1424 3222 1465 3249 m
1477 3209 1697 3253 Dominum·
1707 3220 1857 3251 meum.
1892 3199 1981 3250 Vbi
1993 3200 2018 3248 εὶ
2030 3202 2143 3249 caede
2155 3206 2281 3266 Regis
2292 3199 2330 3249 se
2342 3201 2418 3250 ab-

1426 3268 1594 3317 horrere
1606 3271 1777 3318 testatur
1809 3299 1823 3317 ³
1857 3263 1975 3329 quod
2002 3284 2104 3313 eum
2124 3283 2206 3329 pro
2216 3272 2418 3314 Domino

1425 3335 1639 3400 agnoscat.
1676 3337 1808 3380 Seruis
1823 3348 1971 3379 autem
1990 3348 2081 3378 non
2099 3329 2237 3380 modo
2259 3336 2420 3379 Domi-

1424 3419 1533 3449 num
1554 3396 1790 3447 interficere
1812 3433 1825 3454 ,
1845 3393 1918 3445 sed
1933 3402 1979 3443 &
1995 3394 2273 3461 periclitantis
2285 3402 2423 3444 vitam

1426 3463 1685 3530 negligentia
1704 3462 1888 3524 prodere
1918 3496 1933 3517 ,
1967 3458 2123 3508 lethale
2147 3460 2207 3508 est
2224 3466 2390 3510 crimen
2411 3499 2422 3509 .

1424 3532 1544 3579 Hinc
1558 3547 1649 3575 reos
1660 3531 1808 3574 mortis
1817 3524 1967 3574 Abner
1981 3561 1994 3581 ‚
2019 3523 2203 3590 aliosque
2213 3525 2348 3576 Saulis
2365 3524 2423 3573 sa-

1422 3593 1573 3645 tellites
1585 3591 1789 3642 iudicauit
1803 3590 1962 3648 Dauid,
1969 3593 2159 3654 quoniam
2169 3607 2249 3636 non
2260 3588 2422 3649 custodi-

2285 3655 2360 3715 stis
2414 3648 2424 3654 ⁴
